3025 4934
519 404 554 464 o.
571 401 729 453 nornrrr
748 404 913 454 rancor.
1170 390 1258 460 1979

162 554 299 637 quamvis
328 557 479 638 copiosius
509 557 603 638 justo,
625 556 772 622 illustrare
808 558 967 643 Horatium
1001 577 1161 640 aggressus
1198 572 1256 634 est,

163 653 275 715 Christ.
291 655 369 717 Dav.
380 656 461 716 Jani.

207 753 286 813 1699
308 754 347 824 Q.
364 754 406 815 H.
419 754 453 817 F.
468 754 578 836 Opera,
594 755 634 816 ad
661 754 1072 838 optimorum-exemplarium
1094 757 1183 820 fidem
1212 777 1258 818 re·

163 851 280 912 censita
286 873 296 923 ;
318 865 511 915 accesserunt
524 854 624 929 pariae
637 854 794 929 lectiones,
809 876 877 936 qure
900 855 931 915 in
955 855 1038 915 libris
1053 856 1131 916 Mss.
1146 869 1177 916 et
1191 876 1257 916 sru-

163 948 294 1010 ditorurn
320 953 538 1013 commentariis
570 962 675 1013 notatu
703 953 853 1034 digniores
883 963 1052 1014 occurrunt.
1102 953 1213 1033 Opera·
1228 963 1260 1013 et

163 1048 264 1111 studio
278 1050 345 1111 Jac.
359 1050 496 1112 Talbotii.
508 1051 652 1113 Cantabr.
667 1053 746 1133 typis
762 1052 859 1114 Acad.
872 1052 947 1134 Imp.
962 1052 1067 1113 Jacob.
1081 1052 1215 1112 Tonson.
1226 1054 1258 1111 4.

163 1144 203 1207 R.
213 1146 367 1209 Bentlcius
376 1148 503 1229 judicat,
514 1149 684 1210 Talbotium
694 1170 754 1210 non
769 1151 848 1211 maie
861 1150 898 1211 de
910 1149 1024 1210 Nostro
1034 1151 1170 1210 meritum
1180 1170 1258 1211 esse.

165 1244 327 1306 Ceterum'
320 1268 349 1307 1n
363 1247 421 1308 hac
435 1248 613 1328 splendide
605 1267 751 1360 impressa
751 1248 892 1310 editione
908 1257 1008 1309 textus
1017 1248 1133 1351 Horatii
1143 1267 1259 1308 summa

164 1342 224 1405 fide
226 1344 409 1425 ,diligentia
424 1356 454 1408 et
467 1367 539 1408 cura
552 1340 716 1409 recensitus
730 1359 788 1408 est.

205 1445 305 1513 -Q.
321 1444 362 1506 H.
376 1446 410 1506 F.
432 1445 581 1508 accedunt
599 1448 648 1508 Jo
664 1445 817 1526 Rutgersii
840 1445 995 1507 Lectiones
1011 1445 1174 1506 Venusinae
1188 1463 1260 1505 cura

163 1539 246 1602 Petri
261 1541 435 1606 Burmanni.
453 1545 580 1625 Trajecti
601 1546 669 1607 But.
694 1565 744 1625 ap.
774 1545 823 1605 Fr.
853 1543 963 1604 Halma
985 1553 1017 1604 ct
1038 1543 1121 1603 Guii.
1146 1562 1204 1605 van
1221 1544 1259 1602 de

164 1632 279 1702 Water.
297 1644 345 1704 12.

208 1742 299 1807 1700,
310 1740 436 1805 Minellii
449 1761 497 1805 vr.
512 1742 658 1807 Rotorod.
676 1746 725 1823 12.

204 1874 245 1885 -
267 1837 499 1919 Opera.Venet.
514 1845 561 1903 12.

204 1972 245 1983 -
265 1937 534 2001 Poimataomnia.
549 1940 640 2021 Typis
657 1940 762 2021 Regiae
777 1938 927 2000 Celsitud.
947 1939 1080 1999 Florent.
1094 1940 1140 1997 12.

205 2071 246 2083 -
266 2036 331 2097 Lat.
345 2058 373 2097 c.
387 2058 465 2098 vers.
481 2037 658 2100 Gadflies.
674 2039 829 2098 Tartaroni
845 2038 877 2097 S.
891 2038 921 2098 J.
937 2037 1031 2097 Paris.
1050 2039 1098 2096 12.

209 2137 283 2195 1701
308 2136 448 2199 Carmina
462 2147 637 2218 expurgata,
649 2137 892 2198 annotationibus
908 2135 1064 2196 illustrata.
1078 2132 1219 2195 Rothom.
1231 2133 1261 2190 8.

205 2266 248 2278 -
268 2232 387 2294 Baxteri
403 2256 428 2297 1.
444 2236 578 2316 Eclogae,
592 2255 654 2295 una
677 2256 746 2296 cum
772 2234 1083 2314 scholiis.·perpetuis,
1107 2244 1169 2292 tarn
1182 2239 1264 2291 vete·

165 2330 247 2393 ribus
270 2351 360 2410 quarn
383 2324 479 2407 novis,
503 2335 653 2415 praecipue
675 2353 745 2396 vero
770 2334 959 2412 antiquorum
985 2330 1263 2398 Grammaticorum,

167 2428 288 2491 Helenii
309 2430 448 2503 Acronis,
463 2430 679 2511 Pomponiique
694 2430 923 2511 Porphyrionis;
946 2429 1054 2510 adjecit
1068 2437 1098 2489 et
1112 2445 1178 2498 sua,
1199 2436 1263 2484 tex·

166 2528 354 2607 tumquevel
379 2538 549 2608 corruptum
566 2528 614 2590 vel
628 2530 779 2589 turbatum
795 2527 923 2589 restituit
937 2527 1019 2589 Guil.
1035 2527 1156 2586 Baxtcr.
1169 2522 1263 2583 Lond.

168 2626 198 2685 8.
235 2625 502 2692 NullisBaxterus
517 2647 589 2689 usus
603 2637 650 2689 est
678 2626 764 2691 Mas.
778 2626 832 2687 sed
845 2626 966 2706 vulgata
980 2625 1107 2686 lectione
1123 2641 1186 2702 pro,
1197 2621 1265 2680 fun·

167 2721 309 2787 damsmo
323 2725 473 2804 positacx
494 2736 666 2788 commenti.
693 2726 911 2786 animadversa.
933 2722 1083 2784 interdum
1106 2733 1195 2780 etex
1219 2718 1265 2776 in·
1358 2784 1361 2791 ,

167 2822 392 2900 geniotexturn
406 2825 572 2891 constitnit.
615 2825 784 2905 Excerpsit,
809 2823 891 2903 quod
913 2819 1130 2899 tarnenmajori
1145 2816 1265 2877 delectu

168 2918 231 2979 fieri
244 2923 351 3001 potuit,
366 2936 480 2984 veteres
503 2923 626 3003 interpr.
641 2934 672 2984 ct
697 2925 726 2983 in
739 2923 787 2982 his
800 2923 898 2982 'etiam
913 2919 1052 2999 quaedam
1076 2913 1263 2978 emendavitr

168 3028 300 3081 ceterum
313 3022 480 3101 ipse‘rniser
493 3023 716 3101 est'interpres,
731 3041 823 3082 sensu
847 3020 957 3099 quippe
971 3028 1001 3077 et
1016 3015 1136 3095 ingenio
1147 3013 1265 3092 poiitico

168 3117 350 3191 destiturum
372 3122 499 3201 dilogias
523 3136 699 3201 aucupatur,
719 3121 840 3201 ubique
854 3117 1049 3198 etymologias
1063 3134 1100 3175 ex
1120 3123 1193 3173 vett.
1207 3112 1266 3168 lin·

131 3235 137 3243 ·
169 3217 247 3296 guis,
263 3219 386 3296 Punica,
401 3221 528 3291 Celtica,
541 3220 713 3281 Britannica
723 3219 862 3298 proprnat
871 3216 1041 3276 lectoribus
1070 3211 1154 3270 Fecrt
1168 3220 1267 3267 tamen

168 3317 284 3395 specics
299 3318 460 3396 quaedam
453 3318 604 3398 ingeniosi
615 3317 773 3390 acuminis,
788 3327 818 3375 et
831 3315 934 3375 odium
949 3310 1078 3371 Bentleii
1089 3305 1266 3385 superbioris

168 3415 273 3491 critici,
286 3425 321 3475 ut
334 3416 364 3474 in
379 3416 492 3476 honore
506 3416 665 3476 haberetur
676 3416 833 3473 Baxterus.
875 3411 952 3468 Haec
967 3409 1027 3467 iere
1043 3405 1164 3465 cidari
1178 3401 1216 3461 dc
1230 3419 1267 3460 eo

165 3512 298 3591 judicat.
365 3550 371 3563 ·

209 3646 250 3658 -
270 3613 505 3674 Talbotiaba'rr.
521 3613 695 3691 Cantabrig.
715 3614 763 3671 12.

209 3743 252 3757 -
272 3730 346 3793 curn
354 3712 490 3772 Juvencii
498 3711 595 3779 notis.
613 3713 643 3772 8.

215 3810 486 3871 1702‚Car1ninuni
501 3812 564 3872 Lib.
580 3830 604 3870 r.
621 3809 714 3870 Paris.
729 3811 759 3868 4.

200 3915 252 3987 '7-
272 3908 382 3989 Opera,
397 3928 466 3968 cum
479 3910 558 3968 notis
573 3907 704 3969 Eduardi
720 3928 738 3968 a
752 3907 864 3968 Zurck.
882 3902 978 3964 Lond.
995 3904 1024 3962 8.

208 4040 249 4055 ο-
270 4005 372 4086 Opera
385 4017 559 4086 expurgata,
573 4025 641 4066 curn
655 4007 734 4067 notis
748 4007 766 4064 J
771 4005 895 4064 uvencii.
913 4002 1027 4071 Romae,
1042 4000 1071 4056 8.

212 4140 254 4150 -—
274 4103 385 4184 Opera,
404 4124 442 4163 ex
470 4104 563 4164 Libris
587 4104 664 4164 Mas.
680 4103 768 4181 juxta
792 4102 866 4161 edit.
888 4099 1033 4175 Rutgers.
1056 4104 1085 4154 et
1110 4091 1271 4153 Cantabri·

171 4202 444 4284 gisns.1.0nd.12

216 4299 293 4359 1704
315 4299 441 4360 Minellii
459 4320 521 4360 v11.
538 4297 674 4361 Francos.
686 4297 771 4379 etH.
786 4250 862 4375 ‘pr
876 4294 927 4357 Jo.
942 4291 1011 4352 Nic
1026 4289 1165 4351 Andreae.
1181 4287 1210 4344 8.
