3025 4934
432 923 710 1033 'necepsos
744 914 1002 1031 comeum
1037 947 1158 1028 mss.

484 1191 658 1272 QUINTI
681 1188 892 1256 HORATII
915 1181 1100 1260 sunem,
1194 1220 1196 1223 -
1237 1226 1244 1235 .

328 1409 393 1462 uui
413 1409 455 1462 IN
470 1410 722 1462 Btntrorflucts
739 1383 975 1462 BRI'I'ANNICIS
993 1406 1262 1462 Assunvnnruu.
1283 1423 1286 1429 ·

678 1628 910 1639 ...-..----

292 1834 449 1903 Curuus
472 1836 642 1902 Bentleins
663 1834 727 1899 fnit
746 1836 894 1916 criticus,
916 1844 955 1902 ut
978 1856 1095 1903 omnes
1113 1840 1245 1913 norunt,
1260 1833 1340 1899 satis

250 1938 376 2003 audax.
417 1937 522 2018 Quod
546 1940 588 2005 ad
605 1938 787 2004 Horatium
803 1947 943 2024 spectat,
960 1941 1103 2007 mutavit
1119 1959 1196 2004 eum
1211 1939 1245 2002 in
1258 1933 1340 2001 loeis

248 2057 345 2122 paene
361 2057 466 2106 noco.
510 2040 606 2106 Idem
630 2061 720 2118 vero,
742 2044 771 2107 si
794 2062 887 2128 saepe
902 2045 1119 2121 errabundus,
1136 2029 1172 2108 et
1186 2043 1341 2107 damnan-

248 2140 325 2221 dus,
350 2145 475 2229 quippe
499 2145 630 2228 ingenio
644 2152 680 2209 et
700 2146 904 2231 conjecturis
926 2147 1023 2212 nimis
1043 2148 1201 2225 confisuS,
1225 2145 1340 2216 exfitit

247 2246 346 2311 simui
370 2247 455 2312 felix
480 2267 586 2331 saepe,
609 2267 650 2313 ac
673 2246 896 2313 admirandus.
941 2249 1005 2315 Est
1030 2250 1116 2314 euim
1131 2249 1188 2314 ubi
1204 2248 1337 2313 codices

248 2347 334 2413 Mss.
343 2350 411 2434 ipsi
422 2351 540 2418 misere
551 2352 725 2423 erroribus,
736 2370 805 2434 prae
818 2351 1001 2416 scribarum
1012 2351 1212 2435 ignorantia,
1222 2348 1340 2414 foedati

247 2458 334 2533 sunt,
352 2474 435 2538 quos
461 2454 523 2520 viri
543 2455 726 2537 sagacitate
753 2460 788 2520 et
805 2453 956 2521 doctrina
977 2455 1125 2540 praediti,
1144 2462 1244 2537 atque
1257 2454 1339 2516 artis

246 2555 372 2621 criticae
395 2558 502 2640 periti,
532 2556 633 2623 facile
662 2556 793 2642 possint
822 2557 1067 2641 deprehendere
1092 2564 1129 2626 et
1152 2554 1339 2621 emendare.

245 2655 292 2721 Et
304 2677 422 2724 revera
442 2660 475 2723 in
498 2659 645 2725 editione
669 2679 733 2726 sua
754 2658 892 2725 Horatii
913 2661 1005 2727 nullo
1022 2660 1121 2724 modo
1136 2658 1266 2725 auxilia
1281 2676 1338 2722 co-

246 2758 359 2822 dicum
374 2762 498 2843 sprevit
513 2761 707 2843 Bentleius3
730 2762 834 2826 immo
848 2762 892 2827 ad
909 2783 966 2828 eos
977 2764 1118 2829 multum
1131 2761 1338 2847 provocavit,

243 2858 494 2945 affirmauitque,
510 2881 548 2927 se
564 2864 709 2946 optimos
725 2881 842 2930 omnes
859 2863 1069 2930 Britannicos
1090 2865 1239 2930 studiose
1261 2882 1339 2928 con·

245 2961 401 3028 suluisse.
443 2962 521 3029 Nos
545 2965 644 3049 igitur
665 2967 774 3032 virum
798 2965 933 3033 doctum
957 2968 1014 3034 hic
1038 2968 1108 3035 loci
1130 2968 1272 3034 breviter
1286 2986 1336 3032 se·

246 3085 396 3150 quemur.

461 3288 587 3356 Codices
601 3290 869 3379 Carrtadrigieases
884 3303 913 3357 et
929 3290 1122 3358 Oxoniemes.

278 3440 349 3503 ‘Ex
364 3441 586 3525 Britannicis,'
606 3446 656 3512 ait
671 3446 860 3525 Bentleius,
875 3448 886 3481 ‘
895 3465 983 3531 quos
1001 3465 1115 3511 omnes
1138 3446 1206 3531 ipsi
1226 3445 1335 3510 oeulis

243 3544 488 3624 usurpavimus,
498 3549 646 3630 palmam
661 3550 759 3616 facile
772 3549 878 3615 aufert
892 3548 1013 3614 Codex
1032 3547 1164 3635 Collegit
1178 3545 1334 3634 Regium·

242 3641 297 3724 sit,
308 3640 444 3726 oxonii,
465 3664 553 3718 noo„
567 3672 726 3719 annorum
741 3661 778 3719 et
802 3653 846 3719 ab
860 3652 950 3717 omni
970 3658 1064 3738 parte
1085 3653 1231 3735 integer:
1254 3656 1334 3734 post

241 3744 328 3811 hune
350 3746 432 3812 liber
450 3768 470 3813 e
485 3750 645 3819 Biblioth.
671 3753 780 3841 Regia
805 3752 967 3819 depietatis
987 3753 1144 3830 Londini,
1167 3753 1251 3818 alter
1269 3749 1334 3820 Pe,-

243 3847 351 3911 tremis
366 3846 487 3914 Domus
501 3851 736 3939 Cantabrigiae‚
750 3858 867 3921 tertius
887 3854 1020 3943 collegii
1033 3853 1180 3942 Magdnl.
1195 3854 1332 3929 oxonii,

242 3956 378 4032 quartus
393 3955 454 4019 viri
468 3957 671 4023 ornatissimi
695 3956 815 4044 Rogeri
839 3955 945 4038 Galei,
964 3962 1103 4047 quintus
1119 3957 1204 4023 Rev.
1219 3957 1331 4022 admo-

241 4049 323 4116 dum
338 4048 484 4141 Episcopi
498 4052 643 4141 Elieruis,
658 4060 715 4144 qui
737 4062 801 4126 sub
815 4061 921 4126 initiis
941 4061 1168 4147 typographiae
1185 4059 1329 4143 scriptus

241 4161 295 4218 est
310 4156 427 4221 eadem
441 4159 541 4242 plane
555 4182 656 4228 manu
671 4182 713 4230 ao
728 4164 809 4229 alter
828 4184 847 4229 e
876 4161 1013 4251 collegio
1034 4162 1136 4250 Regio
1157 4161 1329 4227 Cantabri·

241 4256 316 4337 gite,
331 4260 389 4343 qui
403 4259 490 4327 falso
504 4268 672 4348 praeconio
694 4264 864 4332 Bembinus
880 4267 1078 4333 venditatur.
1123 4265 1251 4331 Praetor
1265 4263 1328 4332 hes
