3025 4934
232 365 318 433 1942
550 380 745 433 ascensus
772 382 987 432 nornrouurr

235 534 326 596 Haud
340 544 440 597 tamen
454 534 551 598 editor
564 556 620 598 suo
633 537 795 614 consuluit,
808 540 876 600 crim
885 537 917 597 id
935 535 1024 598 hodie
1038 536 1215 618 ambigatur.
1227 533 1322 596 Mich.

231 634 399 695 Maittarius
420 635 533 711 (moal.
556 646 673 718 typogr.
697 636 733 697 T.
751 658 776 698 1.
791 658 821 718 p.
833 638 904 698 797.
919 635 969 697 ed.
987 636 1041 713 11.)
1059 656 1098 697 ex
1123 631 1323 717 typographia

229 735 302 795 Ant.
317 734 414 795 Zaroti
425 732 607 806 Parmensis,
629 734 681 814 qui
704 734 869 796 Mediolani
883 753 963 794 anno
987 734 1104 795 circiter
1118 736 1208 794 1470.
1235 752 1325 792 excu-

229 832 299 894 dere
314 834 404 915 coepit
415 832 518 906 libros,
541 832 688 914 prodiisse
701 833 832 914 conjicit,
856 833 895 893 ob
919 832 1008 914 typos
1022 833 1133 894 similes
1144 832 1201 905 iis,
1215 831 1324 909 quibus

228 943 300 1011 post
319 932 441 992 Zarotus
455 950 528 991 usus
541 941 598 1003 est,
612 932 748 1011 quamvis
762 931 867 992 iisdem
881 931 1015 994 rudiores
1034 932 1192 1011 minusque
1212 929 1324 990 cultos.

230 1032 307 1090 Sunt
322 1049 390 1090 vero
417 1029 518 1104 etism,
537 1028 620 1111 quod
642 1030 673 1089 1.
688 1029 733 1088 nt.
748 1028 902 1091 Gesnems
924 1031 955 1090 in
970 1030 1054 1111 praei.
1070 1029 1186 1091 Horatii
1207 1026 1255 1088 sui
1268 1026 1323 1086 ob·

229 1138 337 1202 servat,
358 1127 442 1208 ‘ejus
462 1127 577 1200 formae,
590 1147 680 1207 quam
701 1128 865 1189 densouius
887 1128 1034 1202 adhibuit,
1046 1127 1100 1189 sed
1122 1126 1324 1208 paulominus

230 1226 330 1301 cultae,
343 1237 374 1288 et
397 1225 623 1306 incompositas
644 1235 679 1285 ut
699 1239 853 1307 appareat,
882 1246 990 1307 neque·
1003 1228 1142 1289 matrices
1165 1226 1259 1286 inisse
1280 1223 1325 1282 ita

228 1326 386 1406 perfectas,
399 1335 433 1386 ut
446 1324 528 1385 luere
541 1323 746 1399 Jeusonianoe,
762 1345 860 1404 neque
872 1326 916 1385 ita
929 1335 1100 1386 accuratam
1113 1343 1253 1385 versuum
1276 1320 1325 1380 di·

209 1422 415 1504 rrigendorum
429 1422 596 1484 rationem!
635 1423 801 1498 Gesnerns,
811 1424 861 1503 qui
870 1443 937 1485 eam
950 1423 1088 1496 contulit,
1102 1424 1146 1485 sic
1155 1421 1323 1483 describere

228 1522 342 1601 pergit:
364 1522 475 1582 ‘Porro
486 1520 582 1585 literae
595 1521 687 1582 nulloe
701 1519 841 1594 initiales,
857 1542 937 1604 soepe
951 1524 966 1583 1
975 1523 1099 1602 longum
1121 1521 1152 1581 in
1166 1521 1226 1581 fine
1239 1517 1322 1578 vocis

228 1620 368 1701 positum,
382 1624 442 1681 dre.
482 1618 631 1680 Volumeu
660 1629 781 1680 constat
807 1620 1076 1700 quinternionibus,
1098 1621 1120 1681 i.
1134 1638 1162 1681 e.
1193 1618 1325 1700 quinque
1404 1654 1407 1659 «

227 1718 358 1798 plagulis
370 1716 595 1798 (semiplagulas
602 1717 739 1797 vulgares
750 1719 953 1797 aequantibus)
968 1717 1182 1801 duplicatis,ut
1191 1717 1325 1779 oriantur

231 1816 376 1877 denorum
389 1818 526 1877 foliorum
539 1815 641 1890 libelli,
654 1817 698 1877 ita
706 1818 826 1877 consuti
840 1817 960 1889 deinde,
974 1828 1009 1878 ut
1027 1817 1059 1876 in
1071 1815 1179 1876 medita
1191 1812 1324 1896 plagulae

230 1913 316 1975 sulco
340 1914 527 1995 agglutinata
541 1913 581 1975 sit
594 1916 691 1976 tenuis
712 1917 798 1995 virga
817 1917 1056 1989 membranacea,
1081 1934 1150 1993 quia
1164 1914 1216 1973 fila
1229 1912 1326 1973 conti·

229 2022 310 2084 neat,
324 2021 355 2072 et
367 2012 535 2073 firmitatem
549 2023 672 2094 proestet
685 2013 795 2075 codici.
837 2013 922 2074 Folia
940 2014 1008 2094 ipsa
1021 2031 1081 2073 uon
1097 2013 1217 2093 signata
1229 2029 1326 2091 neque

228 2108 323 2169 literis
341 2129 439 2191 neque
454 2110 595 2184 numeris,
616 2111 759 2173 custodes
785 2111 869 2184 nulli,
893 2111 1008 2172 nullum
1035 2112 1204 2192 registrum,
1231 2109 1326 2170 literar

229 2225 310 2287 saepe
336 2209 546 2290 transpositie;
566 2209 693 2270 infantia
706 2209 837 2291 denique
864 2210 948 2285 artis,
972 2219 1004 2271 et
1030 2229 1186 2291 operarum
1212 2207 1326 2270 ruditas

229 2303 362 2386 undique
388 2317 522 2387 apparet.
563 2307 660 2371 Voces
672 2309 720 2370 rel
745 2310 876 2383 omissae,
892 2310 940 2371 rel
961 2328 1030 2369 cum
1051 2309 1145 2389 ipsius
1158 2308 1246 2369 metri
1259 2324 1326 2386 per-

228 2402 306 2465 nicie
318 2414 505 2486 permutatae,
529 2404 619 2469 fidem
631 2407 758 2483 faciunt,
772 2427 833 2469 non
848 2408 1010 2488 praefuisse
1031 2405 1156 2469 editioni
1177 2423 1326 2486 gramma·

227 2502 332 2576 ticum,
346 2502 402 2563 sed
424 2503 597 2584 simpliciter
618 2508 788 2588 exemplum
811 2527 911 2579 suum,
930 2507 952 2566 i.
966 2525 995 2566 e.
1009 2505 1153 2586 scriptum
1178 2502 1326 2575 codicem,

228 2612 348 2661 secutos
359 2620 426 2662 esse
438 2594 655 2685 typographos.
687 2603 775 2664 Unde
788 2604 865 2665 illud
879 2603 1082 2684 consequitur,
1096 2615 1141 2676 ut,
1154 2621 1224 2683 qum
1236 2601 1325 2661 bonae

229 2706 301 2758 suut
312 2697 468 2771 lectiones,
482 2718 535 2760 eas
549 2702 587 2761 ab
601 2702 726 2781 antiquo
746 2700 862 2774 codice,
876 2720 937 2762 nou
953 2702 991 2761 ab
1014 2701 1135 2781 iugenio
1148 2697 1324 2761 correctoris

228 2814 307 2872 esse,
320 2795 543 2878 intelligamus!
585 2798 741 2861 Hactenus
756 2798 925 2861 Gesnerus.

271 2896 351 2956 1470
371 2895 531 2958 Sermones
542 2896 649 2973 Oratii,
660 2917 687 2961 s.
699 2899 724 2959 1.
738 2898 792 2962 tot.
803 2897 976 2960 charactere
989 2894 1138 2969 Gothicas
1159 2897 1223 2961 rid.
1235 2895 1327 2959 Mait-

228 2993 337 3056 tar.·‘l'.
354 3013 379 3056 1.
393 3014 425 3075 p.
440 2995 514 3057 996.

272 3093 353 3156 1474
374 3092 610 3159 Mediolanensis
633 3117 658 3159 r.
692 3097 801 3158 Zaroti.
826 3096 989 3158 Horatius:
1010 3114 1063 3177 per
1084 3095 1247 3156 Antonium
1271 3092 1327 3154 Za·

228 3199 325 3251 rotum
368 3193 573 3269 Parmensem,
598 3194 650 3256 iol.
693 3194 730 3254 In
754 3196 834 3258 fine:
870 3196 959 3255 Anno
987 3213 1007 3254 a
1032 3193 1125 3254 natali
1154 3190 1327 3254 Christiano

230 3305 464 3356 uccccnxxrv.
477 3292 526 3355 die
540 3313 615 3354 xvr.
636 3294 738 3354 Martii
750 3293 898 3355 Antonius
907 3293 1031 3354 Zarotus
1039 3291 1211 3353 Parmensis
1220 3300 1330 3351 cuncta

228 3403 319 3465 opera
342 3388 380 3457 Q.
392 3388 509 3452 Horatii
536 3390 637 3454 Flacci
651 3392 797 3453 Venusini
821 3411 882 3453 non
907 3389 1099 3471 indiligenter
1112 3387 1274 3451 emendata
1286 3421 1328 3432 —

227 3480 381 3564 eleganter
394 3497 485 3567 atque
498 3488 625 3552 fideliter
640 3490 802 3572 impressit.
836 3488 981 3570 Quisquis
993 3488 1061 3548 lroec
1085 3487 1236 3561 soimerit,
1250 3504 1330 3546 nun-

228 3599 318 3661 quam
343 3583 507 3663 poenitebit
509 3587 641 3649 -00nt
671 3587 772 3648 Maitt.
799 3588 886 3649 Tom.
902 3606 927 3649 1.
949 3606 982 3667 p.
997 3587 1069 3647 336.
1117 3585 1227 3646 Sarius
1253 3583 1327 3645 hist.

228 3686 347 3760 typogr.
362 3681 487 3743 Mediol
500 3702 568 3746 cum
584 3684 718 3765 Argelati
734 3686 850 3767 scriptt.
866 3683 991 3746 Mediol.
1005 3683 1042 3742 T.
1057 3701 1082 3744 1.
1096 3701 1145 3763 p.
1142 3684 1214 3745 561.

270 3811 313 3823 -
333 3778 570 3843 Mediolanensis
586 3803 627 3845 ιι.
648 3783 804 3858 Horatius,
817 3803 884 3845 cum
898 3780 1109 3844 commentario
1123 3781 1260 3854 Acronis,
1275 3780 1328 3840 fol.
1441 3818 1447 3827 -

232 3875 268 3935 ln
281 3875 362 3937 flue.
391 3877 564 3940 Acronis
537 3881 590 3942 vrri
604 3900 694 3962 quam
714 3880 880 3944 doctissimi
895 3872 1129 3952 commentaria,
1155 3896 1246 3960 quam
1261 3875 1330 3936 dili·

230 3982 337 4059 genter
363 3976 561 4053 emendata,
553 3998 583 4038 ιιι
611 3980 650 4050 Q.
666 3979 741 4042 Hor.
764 3980 800 4042 F.
816 3979 926 4061 Opera,
953 3995 1008 4059 per
1036 3977 1148 4038 Antou.
1177 3956 1330 4049 Zarotnm,

230 4065 417 4133 Mediolani
409 4070 553 4156 impressa
579 4076 683 4139 ldibus
712 4077 844 4139 Sextilis.
846 4073 968 4159 -Vid
985 4073 1052 4136 Jac.
1079 4072 1216 4155 Douglas
1237 4074 1328 4136 catal.

229 4165 301 4230 edd.
318 4168 424 4236 Horat.
439 4175 542 4237 aban
560 4177 649 4239 1476.
664 4175 812 4256 usquead
829 4152 1327 4255 1739.(L0nd.1739)eisax1

231 4284 258 4326 c.
269 4287 300 4348 p.
312 4270 383 4332 561.
