3025 4934
546 403 580 466 o.
603 401 761 455 nostru
786 403 932 455 nascor.
1197 396 1285 465 2019

191 585 199 600 ·
221 553 290 625 'De
302 555 422 625 Matris
439 558 637 625 Horatianis
647 559 767 638 addas,
780 565 789 597 ‘
801 560 853 624 De
865 558 995 638 Matris,
1006 559 1131 644 quibus
1140 582 1221 629 usos
1232 573 1284 631 est

193 656 544 747 Horatius'Lyricns,'
573 663 608 727 in
631 662 773 728 Roberti
796 661 1009 747 Wyttyntoni
1031 663 1284 733 Lichfel'diensis

190 767 353 831 monada·
369 766 605 832 Grammaticos
629 772 734 851 parte,
755 768 815 831 &a
841 764 948 829 Lond.
960 784 1032 848 per
1048 764 1283 850 Wy'na'ndrum

190 869 499 947 de‘Wcrde,·1515.
515 870 611 935 1524.
645 868 726 936 Vid.
748 869 906 933 Herberti
920 869 1068 954 Typogr.
1080 866 1199 955 Antip.
1212 873 1283 938 vol.

191 987 217 1036 1.
232 979 267 1056 pss
282 972 435 1037 let-166.
450 979 487 1037 et
501 972 647 1037 Palmeri
663 971 756 1036 Hist.
770 970 987 1055 Typograph.
1001 992 1035 1054 p.
1048 970 1284 1040 did-Metro

189 1076 291 1141 edam
312 1075 513 1154 Horatiana,
535 1095 558 1141 a
581 1073 771 1159 christoph.
786 1074 901 1153 Ware,
921 1074 1024 1139 Lond
1038 1074 1136 1141 1690.
1148 1075 1229 1141 dvo.
1249 1087 1293 1145 et

185 1177 233 1241 de
256 1175 377 1242 Matris
405 1178 602 1243 Horatianis
625 1178 661 1242 in
686 1176 803 1254 Libro,
829 1177 885 1241 cni
907 1177 958 1241 tit.
981 1177 1083 1243 Latin
1106 1177 1284 1259 Primer,a

188 1279 339 1346 dlicardo
351 1280 667 1365 Lync—Romarks
676 1299 719 1345 on
734 1279 792 1345 the
806 1279 906 1343 Latin
919 1277 1039 1344 Alcaic
1052 1279 1117 1345 and
1133 1282 1283 1367 Sapphic

190 1381 311 1463 Metro,
326 1404 365 1449 as
379 1383 551 1450 exhibited
567 1384 601 1447 in
621 1384 676 1448 the
690 1381 786 1446 Odes
807 1381 848 1446 ef
857 1381 1007 1460 Horace,
1024 1382 1130 1448 Lond.
1143 1385 1284 1451 1824.-

188 1484 314 1552 Sketch
328 1487 369 1552 oi
378 1488 432 1553 the
447 1488 611 1553 Scansiou
626 1486 692 1551 and
706 1486 878 1551 Strnctnre
893 1485 933 1549 of
951 1484 1005 1549 the
1021 1483 1143 1552 Aloaic
1159 1487 1283 1555 Stanza

187 1590 223 1654 in
245 1590 403 1672 Horaco3
423 1592 459 1656 in
484 1589 653 1657 Classical
667 1589 822 1666 Journal,
846 1589 914 1655 vol.
937 1605 994 1653 xl.
1017 1611 1051 1674 p.
1065 1588 1141 1655 351.
1155 1586 1177 1656 a
1191 1588 1229 1658 J,
1247 1589 1283 1656 T.

188 1690 335 1770 (lacobo
356 1693 454 1764 Tate,
482 1694 790 1775 Richmondiensi,)
804 1692 877 1759 viro
895 1692 1105 1773 doctissimo,
1120 1699 1153 1758 et
1167 1693 1284 1762 harum

186 1813 297 1860 rernm
311 1800 526 1881 peritissimo.
892 1849 895 1854 .
1239 1801 1241 1804 ’

231 1898 300 1964 De?
315 1901 517 1984 quibusdam
542 1900 622 1967 aliis
649 1901 799 1985 seriptis,
828 1898 1040 1966 Germanicis
1065 1903 1101 1964 et
1123 1899 1284 1983 Belgicis,

189 2022 267 2085 qnae
290 2004 459 2069 illustrant
478 2004 670 2081 Horatium,
692 2004 875 2087 separatim
899 2004 942 2067 ab
956 2002 1135 2088 operibus,
1154 2010 1189 2068 et
1206 2023 1284 2087 qnae

186 2124 254 2170 non
274 2105 399 2172 habent
417 2107 527 2173 locum
551 2108 586 2172 in
606 2106 789 2190 Bipontina
811 2105 955 2184 Notitia,
981 2114 1016 2172 et
1035 2106 1070 2172 in
1088 2106 1140 2170 his
1158 2106 1285 2172 nostris

187 2208 424 2276 additamentis
451 2211 567 2276 locum
592 2229 659 2274 non
688 2211 870 2288 inveniant,
892 2209 1068 2274 commoda
1090 2207 1285 2275 consulatur

188 2312 379 2392 Harlesins,
402 2313 437 2378 in
456 2314 679 2399 supplement.
702 2312 748 2376 ad
769 2312 870 2377 Brer.
884 2311 1063 2389 Notitiam,
1078 2315 1139 2375 &c
1162 2330 1195 2394 p.
1210 2309 1285 2376 199.

189 2420 224 2481 et
238 2417 408 2499 deinceps.
1197 2411 1200 2418 ¹

189 2545 193 2568 =
213 2563 215 2568 .
232 2518 419 2599 Hactenus,
436 2526 470 2585 et
488 2518 602 2585 forsan
622 2519 721 2597 satis,
741 2518 784 2583 de
808 2517 945 2584 Horatii
970 2515 1226 2582 admiratoribus
1251 2524 1286 2580 et

185 2623 437 2706 panegyristist
476 2636 513 2688 at
542 2622 641 2687 simul
668 2621 815 2699 fuerunt,
848 2620 906 2705 qni
938 2618 1079 2683 eundern
1105 2635 1172 2683 uon
1198 2618 1285 2684 adeo

185 2724 294 2789 fnisse
321 2725 456 2809 politam
476 2727 511 2791 in
536 2725 691 2791 omnibus
717 2726 871 2810 partibus
897 2721 1087 2788 absolutum
1114 2722 1285 2787 existima·

185 2833 272 2905 runt,
296 2828 448 2895 utnulla
476 2834 649 2895 vexaretur
675 2848 821 2895 censura.
875 2826 1025 2891 Fuemnt
1054 2831 1144 2891 certe
1174 2824 1286 2890 Hora·

187 2929 440 3017 tio-Mastyges,
454 2932 514 3018 qni
530 2931 712 2997 Horatium
726 2931 839 2995 nimiae
852 2949 932 3011 erga
947 2930 1110 2994 Romanae
1121 2926 1285 2992 libertatis

186 3032 372 3115 parricidas
386 3034 601 3113 adulationis,
616 3034 730 3101 nimiae
748 3036 782 3098 in
803 3034 972 3097 amoribus
986 3030 1138 3096 lasciviae
1153 3046 1286 3111 arguere

186 3136 295 3217 parati
311 3141 397 3201 sunt.
442 3136 535 3201 Hinc
549 3137 661 3201 forsan
676 3144 751 3214 cst,
768 3136 872 3219 quod,
893 3153 964 3219 prae
980 3135 1098 3198 timore
1114 3129 1285 3212 Inquisiti-

187 3237 274 3313 onis,
294 3239 450 3321 quaedam
472 3246 586 3323 partes
610 3239 750 3306 Horatii
771 3258 846 3303 raro
863 3247 923 3303 aut
943 3251 1115 3320 nunquam
1135 3229 1179 3295 ab
1203 3230 1288 3295 His-

185 3340 318 3423 panicis
346 3342 446 3407 editae
476 3348 575 3423 suot3
601 3349 636 3406 et
657 3341 737 3406 hinc
760 3340 852 3423 apnd
876 3339 962 3404 alias
989 3343 1105 3419 gentes
1129 3340 1286 3400 castratae

185 3439 269 3518 illm,
282 3461 362 3525 qum
374 3442 594 3526 appellantur,
603 3441 768 3508 editiones
778 3441 928 3516 Horatii,
943 3440 987 3504 ob
998 3438 1181 3503 maximam
1192 3437 1285 3504 illam

186 3542 406 3609 reverentiam
420 3564 496 3628 qnae
513 3545 627 3629 pneris
642 3546 793 3610 debetur.
836 3545 881 3609 Et
894 3542 984 3627 apud
995 3541 1158 3628 quosdam
1173 3562 1286 3608 recen·

187 3644 292 3710 tiores
301 3646 411 3711 valuit
421 3647 551 3731 opinio,
565 3648 657 3732 quod
668 3646 789 3712 melius
797 3646 844 3711 sit
857 3647 955 3731 sequi
965 3646 1130 3732 quosdam
1146 3645 1286 3712 Germa·

187 3748 295 3827 uicos,
319 3750 556 3832 imaginatione
579 3751 686 3834 magis
710 3751 910 3829 discnssiva,
931 3758 966 3815 et
985 3752 1087 3815 etiam
1110 3748 1226 3832 Lopen
1243 3748 1286 3814 de

187 3848 285 3931 Vaga
304 3849 486 3933 Hispanici
512 3852 783 3938 Extemporalia,
799 3873 899 3938 qnam
919 3853 1113 3928 Horatium,
1133 3850 1286 3918 studiose

187 3951 289 4017 nimis
303 3953 521 4021 elaboratum.
565 3956 676 4022 Multa
697 3964 864 4041 practerea
880 3954 1156 4039 reprehenderunt
1174 3951 1285 4018 Julia-

172 4073 252 4119 nus
264 4053 383 4121 (laesas
397 4055 557 4140 Scaliger,
572 4058 737 4137 Perranlt,
758 4065 792 4123 et
810 4058 972 4141 Anglicus
994 4056 1133 4142 qnidam
1152 4059 1284 4132 censor,

189 4163 230 4222 nt
244 4161 376 4224 notatur
390 4177 412 4222 a
427 4158 633 4244 Bipontinis,
652 4162 787 4244 quibus,
802 4180 844 4224 ne
866 4160 966 4244 plura
986 4159 1147 4235 dicamus,
1162 4154 1285 4219 addan·
