3025 4934
526 381 566 438 o.
590 373 748 425 nonnius
773 375 918 424 runem.
1194 360 1280 429 1983

181 551 234 612 per
249 530 370 590 Guilicl.
391 531 510 591 Baxter.
524 532 598 593 Ace.
613 518 698 591 novre
718 539 811 601 notae,
826 529 980 590 animadv.
1008 531 1235 612 quamplurimae
1250 532 1280 591 in

182 628 348 690 Bentleium
364 640 394 689 et
408 630 650 710 Cuningamium,
664 634 721 689 &c
738 630 813 709 Imp.
828 629 877 689 Jo.
893 628 1009 710 Batley.
1026 629 1151 690 Londin.
1168 634 1197 690 8.

228 730 306 787 1726
328 727 455 788 Minellii
472 749 522 789 ιιι.
538 727 667 788 Londin.
683 731 713 788 8.

206 829 305 886 '1727
328 827 496 888 Daceriana
508 848 555 887 ιν.
572 846 634 906 rep.
650 846 705 886 111.
721 826 848 886 Amstel.
863 845 912 908 ap.
924 825 1146 887 Wetstein.·12.
1163 847 1197 887 x.
1209 825 1281 887 voli.

224 959 266 968 -
287 926 322 983 ln
336 945 423 985 usum
439 925 581 1005 Delphini
596 942 646 985 rx.
670 944 722 1005 per
735 924 849 985 Ludov.
871 925 1014 1004 Desprez.
1037 926 1145 986 Venet.
1162 945 1211 1006 ap.
1231 925 1281 985 Jo.

185 1022 402 1108 Malachinum.
417 1026 448 1082 4.

225 1153 268 1166 -
288 1121 368 1201 Opp.
385 1122 450 1181 Lat.
465 1130 495 1181 et
509 1120 591 1181 Gall.
608 1140 658 1201 per
673 1120 844 1182 Dacerium.
858 1122 957 1182 Amst.
976 1124 1013 1181 10
1026 1130 1097 1182 tom.
1114 1123 1144 1183 8.

230 1220 306 1277 1728
330 1218 458 1279 Bentleii
474 1238 521 1278 iv.
547 1240 584 1280 ex
607 1219 781 1279 recensione
795 1231 826 1280 et
846 1238 914 1278 cum
929 1220 1007 1278 notis
1032 1231 1121 1299 atque
1142 1216 1283 1279 emenda-

187 1316 315 1375 tionibus
331 1317 419 1378 Rich.
434 1317 573 1379 Bentleii.
601 1317 658 1379 Ed.
674 1337 732 1378 111.
756 1337 826 1378 cum
859 1317 958 1378 indice
982 1316 1216 1397 locupletissimo
1242 1317 1283 1375 ls.

186 1408 343 1495 Verbnrgi.
358 1415 455 1475 Amst.
464 1407 501 1476 '4.

226 1547 268 1557 —
287 1513 425 1573 Juvencii
440 1513 555 1574 auctior
568 1524 598 1573 et
612 1514 812 1580 emendatior.
827 1513 922 1575 Paris.
938 1517 968 1575 8.
1025 1535 1028 1538 ·

226 1646 268 1656 —-
292 1612 416 1672 Minellii
433 1632 500 1673 xn.
519 1612 647 1672 Amstel.
667 1614 715 1672 12.

227 1745 268 1754 —-
290 1709 442 1769 Sanadoni
458 1710 666 1770 r.-Carmina
691 1710 730 1769 ad
754 1731 842 1769 suum
862 1709 997 1770 ordinem
1010 1719 1041 1770 et
1063 1708 1188 1768 nitorem
1203 1728 1287 1768 revo-

186 1819 256 1869 cata
271 1807 372 1868 studio
393 1818 424 1867 et
438 1827 528 1887 opera
542 1808 581 1867 N.
594 1809 626 1869 S.
642 1807 795 1868 Sanadoni
808 1828 824 1867 e
840 1808 872 1866 S.
888 1807 917 1868 J.
934 1809 989 1868 Les
1004 1805 1122 1887 poesies
1137 1806 1287 1866 d'Horace

163 1903 165 1906 ⁴
187 1904 342 1987 disposees
355 1906 474 1965 suivant
487 1906 595 1966 l'ordre
610 1906 786 1985 chronolog.
801 1916 831 1965 et
844 1905 988 1966 traduites
1004 1926 1041 1965 en
1058 1904 1199 1984 Francois
1215 1924 1288 1964 avec

188 2003 243 2069 des
271 2024 440 2085 remarques
459 2006 601 2084 critiques
626 2025 680 2084 par
704 2006 732 2064 le
748 2004 783 2064 Ρ.
799 2004 951 2064 Sanadon.
993 2004 1174 2064 Traduction
1198 2002 1287 2062 d'une

189 2102 334 2163 ancienne
348 2103 460 2182 hymne
475 2124 525 2163 sur
547 2103 590 2162 les
605 2104 682 2163 setes
697 2103 735 2163 de
750 2102 864 2174 Venus,
892 2124 964 2164 avec
979 2103 1033 2164 des
1047 2122 1218 2181 remarques
1231 2101 1288 2161 cri·

189 2200 287 2280 tiques
304 2222 353 2260 sur
367 2202 398 2260 la
412 2200 508 2259 meme
522 2200 615 2279 piece.
632 2201 728 2261 Paris.
744 2205 763 2258 2
778 2210 851 2261 tom.
862 2205 892 2260 4.

231 2333 272 2343 -
294 2299 417 2371 Eadem,
432 2298 503 2358 ibid.
534 2299 665 2358 8.-Ed.
694 2299 845 2379 princeps.
887 2297 1067 2356 Sanadonus
1098 2296 1231 2376 quidem,
1256 2305 1291 2354 ut

189 2397 288 2455 verbis
303 2397 341 2455 cl.
356 2396 426 2454 Jani
440 2405 569 2465 utamur,
590 2396 638 2453 ‘in
652 2405 736 2454 textu
751 2396 868 2453 Horatii
882 2393 1094 2453 constituendo
1121 2413 1188 2452 cum
1204 2392 1291 2451 Lam-

191 2493 306 2562 binnm,
321 2491 496 2569 Crnqninm,
510 2491 707 2561 Torrentium‚
723 2491 869 2571 aliosque,
884 2491 936 2570 qui
950 2490 1049 2550 Codd.
1064 2491 1141 2551 Mss.
1154 2491 1200 2550 usi
1210 2498 1291 2563 sunt,

192 2589 354 2660 consuluit,
369 2598 433 2647 turn
446 2587 555 2648 multas
572 2589 698 2650 Bentleii
710 2589 854 2669 emendd.
878 2589 934 2649 sibi
957 2588 1138 2657 vindicavit;
1161 2588 1213 2649 sed
1229 2607 1292 2650 orn·

192 2688 275 2747 nium
289 2687 418 2747 maxime
432 2687 662 2768 Cuningamium
685 2699 807 2749 secutus
822 2698 879 2761 est,
895 2688 984 2747 etiam
998 2687 1049 2747 ubi
1062 2687 1088 2746 is
1103 2688 1181 2748 ultra
1194 2687 1291 2746 lineas

192 2787 348 2867 processit.
359 2786 500 2845 Attamen
515 2795 546 2845 et
558 2785 660 2847 multae
675 2786 817 2847 emendd.
834 2785 891 2866 ipsi
905 2786 1034 2865 proprioe
1048 2788 1139 2846 sunt.'
1182 2785 1292 2843 Omisit

193 2903 263 2942 vero
291 2882 435 2942 nonnulla
457 2883 600 2955 carmina,
626 2894 655 2944 et
665 2884 820 2944 interdum
845 2883 993 2963 quosdam
1022 2904 1124 2943 versus
1152 2882 1291 2969 resecuit,

193 2979 324 3042 castitati
338 2981 540 3041 consulturus.
584 2983 792 3063 Interpretatio
807 2980 1065 3042 Gallicaomnium
1081 2992 1128 3040 est
1140 2981 1291 3061 princeps.

195 3079 231 3138 In
246 3077 324 3138 notis
349 3100 409 3139 non
425 3080 520 3139 solum
533 3080 602 3139 loca
625 3081 797 3141 obscuriora
820 3079 942 3159 egregia
967 3077 1104 3138 doctrina
1125 3076 1293 3147 illustravit,

196 3177 249 3236 sed
264 3188 294 3236 et
308 3177 462 3237 artificium
488 3177 672 3256 virtutesque
686 3178 821 3257 poeticas
843 3178 904 3236 alto
924 3175 1040 3255 judicio
1063 3185 1094 3233 et
1118 3193 1208 3233 sensu
1233 3172 1293 3232 ele·

195 3273 306 3352 gantiae
321 3274 499 3354 explicavit;
522 3275 655 3335 carmina
665 3284 765 3336 tamen
782 3274 820 3334 ad
831 3293 926 3334 annos
941 3291 1014 3333 suos
1028 3271 1197 3332 revocando
1212 3288 1294 3348 saepe

194 3372 296 3431 forsan
311 3372 467 3444 aberravit,
491 3371 627 3431 ordinem
643 3383 722 3431 certe
743 3372 900 3448 vulgatum
924 3369 1082 3447 pervertit:
1103 3366 1190 3425 nimis
1206 3367 1294 3429 etiam

196 3470 341 3529 subtiliter
356 3469 502 3528 interdum
516 3450 546 3529 et
560 3468 689 3527 delicate
699 3476 872 3527 venustates
882 3464 1000 3524 Horatii
1010 3474 1139 3525 resecat:
1155 3463 1293 3546 denique,

197 3586 250 3646 pro
265 3566 375 3646 ingenii
391 3552 436 3626 sui
451 3565 579 3636 luxuria,
595 3565 683 3623 nimis
698 3564 849 3644 allegoriae
865 3562 996 3637 deditus,
1011 3563 1099 3623 etiam
1114 3583 1160 3637 ea,
1174 3586 1241 3644 quae
1257 3584 1295 3624 ex

198 3664 306 3725 Graeco
321 3665 457 3745 exemplo
472 3664 564 3725 ducta
579 3671 660 3736 sunt,
676 3662 789 3722 adrem
803 3663 981 3734 Romanam,
997 3663 1128 3741 Augusti
1143 3662 1294 3735 familiam,

196 3771 230 3843 et
257 3772 391 3842 tempora
417 3764 517 3822 refert.
557 3761 606 3821 De
625 3761 672 3820 his
702 3759 773 3821 edd.
798 3760 932 3841 pluribus
968 3759 1203 3840 exposuitclar.
1238 3758 1293 3818 Th.

200 3860 310 3920 Christ.
330 3859 436 3920 Harles
461 3860 490 3918 in
506 3860 568 3920 vita
582 3860 654 3921 Nat.
670 3859 775 3940 Stepb.
791 3858 966 3932 Sanadoni.
981 3859 1012 3917 in
1028 3857 1095 3917 vitis
1112 3855 1295 3918 Philol.·vol.

202 3977 259 4017 111.
273 3978 304 4036 p.
320 3958 370 4017 63.
383 3978 428 4037 sq.
1012 3988 1014 3991 v

240 4089 281 4100 -
302 4054 435 4134 Expurg.
450 4074 518 4115 cum
530 4057 608 4117 notis
624 4057 718 4118 Micb.
736 4054 901 4117 Brochard.
917 4053 1080 4139 Paris.12.

244 4153 321 4210 1729
344 4153 382 4220 Q.
399 4151 541 4213 Horatius
555 4154 680 4214 Flaccus
695 4154 890 4234 compedibus
905 4150 1092 4235 metricorum
1109 4165 1296 4243 numerorum

201 4249 329 4310 solutus.
345 4249 478 4311 Odarum
493 4250 557 4313 Lib.
575 4270 621 4309 iv.
639 4262 669 4312 et
685 4252 783 4331 Epod.
796 4251 858 4311 Lib.
868 4269 959 4329 opera
972 4261 1003 4311 et
1018 4246 1117 4310 studio
1131 4245 1171 4305 N.
1185 4243 1296 4324 Bailey.

177 4380 182 4395 ·
204 4347 332 4407 Londin.
349 4352 377 4408 8.
