3025 4934
207 356 300 432 1964
521 336 716 421 unonusus
744 370 960 421 nnrnrouuut

214 525 355 608 Ejusdem
369 526 497 587 Turnebi
519 546 625 587 comni.
640 527 670 586 in
685 527 770 588 locos
783 526 969 588 obscuriores
979 524 1106 597 Horatii,
1125 540 1163 584 ex
1175 522 1239 603 ajut
1248 518 1308 581 ''ad-

212 627 407 687 versariorum
429 625 512 687 libris
535 637 703 707 excerptus.
731 627 774 688 Μ.
795 626 832 687 Α.
848 625 959 686 Mureti
982 634 1012 686 et
1036 622 1106 684 Aldi
1129 610 1257 681 Manutii
1277 619 1308 677 in

214 725 304 786 eund.
317 725 473 786 Horatium
488 725 707 787 annotationes.
722 726 796 786 Fxo.
807 725 956 786 Martinus
970 724 988 785 J
992 723 1107 785 uvenis.
1118 719 1216 781 Paris.
1230 722 1259 780 8.

257 827 334 886 1577
356 824 394 897 Q.
410 825 451 886 H.
467 824 502 884 F.
514 823 692 886 emendatus
716 843 786 885 eum
811 825 935 885 seorsim
956 822 1074 885 excusis
1094 817 1210 881 Theod.
1235 816 1309 876 Pul·

214 923 315 983 tnanni
330 921 360 983 in
383 942 451 982 euru
474 923 728 984 annotationibus.
748 922 820 983 Aldi
846 924 932 983 Man.
947 921 1071 995 scholia,
1091 930 1122 981 et
1144 917 1183 979 de
1208 914 1311 977 metris

209 1021 293 1088 ,Hor.
309 1022 355 1083 M.
366 1021 408 1085 Ἀ.
423 1020 536 1082 Mureti
548 1021 680 1091 scholia;
701 1021 752 1082 Jo.
767 1020 928 1102 Hartungii
941 1029 1060 1084 anuott.
1087 1018 1133 1078 Ex
1143 1015 1223 1078 offic.
1236 1012 1310 1073 Chr.

216 1119 360 1179 Plautini.
374 1119 480 1180 Mense
494 1120 634 1181 Februar.
649 1121 740 1181 Auta.
756 1123 787 1182 8.
802 1120 879 1201 Rep.
893 1120 941 1181 ed.
961 1119 1049 1180 1566.

209 1278 213 1286 ,
256 1251 297 1262 -
315 1217 396 1298 Opp.
411 1238 478 1279 cnm
488 1217 586 1279 schol.
598 1219 667 1279 Aldi
683 1219 727 1279 M.
740 1221 834 1280 Autv.
851 1221 899 1282 12.
1141 1216 1143 1220 ’

230 1299 237 1306 ’
261 1318 337 1376 1578
360 1317 400 1378 H.
415 1317 559 1398 Stephani
574 1338 598 1379 1.
614 1319 652 1387 Q.
664 1317 705 1378 H.
721 1319 756 1378 F.
771 1318 926 1392 Poemata‚
940 1315 1027 1377 novis
1037 1312 1160 1375 scholiis
1179 1322 1210 1373 et
1223 1322 1313 1389 argu

217 1415 324 1475 mentis
353 1417 390 1476 ab
417 1416 547 1477 Henrico
575 1417 728 1497 Stephano
756 1415 924 1476 illustrata:
946 1414 1085 1495 ejusdem·
1107 1412 1148 1472 H.
1168 1407 1312 1490 Stephani

219 1513 352 1574 Diatribe
366 1513 475 1574 dehac
498 1534 553 1574 sua
572 1515 703 1576 editione
719 1514 848 1587 Horatii,
864 1524 895 1573 et
914 1513 1002 1575 variis
1028 1513 1059 1572 in
1082 1529 1150 1570 eum
1172 1509 1313 1569 observa·

209 1610 358 1683 tionibus.
371 1611 494 1689 (Paris.)
508 1615 536 1674 8.
580 1613 680 1677 Editio
693 1612 842 1694 primaria,
856 1611 887 1672 in
901 1632 962 1693 qua
976 1609 1146 1691 Stephanus
1159 1607 1191 1666 in
1213 1605 1314 1690 consi-

218 1709 289 1779 liurn
305 1710 438 1773 adhibuit
450 1712 595 1774 lectiones
609 1712 710 1773 Codd.
724 1709 869 1793 Lambini,
891 1710 1027 1792 Cruquii,
1042 1706 1180 1780 Fabricii,
1193 1700 1314 1778 Mureti,

210 1808 365 1890 aliasque.
407 1811 514 1891 Magni
536 1811 631 1871 critici
656 1831 779 1871 munere
803 1809 938 1871 modeste
960 1809 1095 1870 functum
1122 1803 1227 1866 laudat
1239 1801 1313 1862 clar.

219 1905 300 1978 Jani,
313 1926 351 1966 ex
374 1907 499 1988 ejusque
518 1909 615 1969 aureis
635 1907 770 1971 diatribis
785 1926 926 1990 magnum
950 1928 983 1969 se
1003 1908 1131 1968 fructum
1154 1900 1316 1964 abstulisse

219 2004 384 2082 profitetur,
397 2005 435 2071 de
452 2006 525 2067 Hor.
539 2005 610 2069 edd.
622 2022 653 2088 p.
670 2028 784 2069 xxxv.
796 2008 881 2069 Tom.
898 2028 923 2069 1.

258 2134 301 2146 --
321 2102 493 2184 Cruquiana
507 2124 532 2167 r.
557 2106 707 2186 Operumt
729 2108 769 2176 Q.
784 2106 826 2167 H.
839 2106 875 2167 F.
886 2125 925 2166 ex
936 2101 1150 2187 antiquissimis
1166 2111 1217 2161 xl.
1231 2095 1315 2159 libris

211 2198 298 2272 ,Msa
312 2211 344 2260 et
356 2193 478 2264 schedis
499 2202 613 2285 aliquot
627 2205 816 2280 emendatus,
839 2215 870 2265 et
892 2203 1026 2284 plurimis
1041 2202 1117 2264 locis
1139 2217 1209 2262 curn
1229 2215 1315 2258 eom·

219 2297 371 2359 mentariis
385 2301 515 2382 antiquis
530 2313 724 2384 expurgatus,
735 2313 766 2363 et
776 2303 887 2376 editus,
900 2321 991 2383 opera
1001 2302 1069 2363 Jac.
1083 2295 1219 2379 Cruquii,
1233 2295 1318 2356 Μεῖ-

115 2440 117 2446 .
213 2396 309 2471 senii,
333 2399 414 2479 apud
429 2401 586 2483 Bruganos
600 2402 744 2483 politioris
756 2402 930 2464 Literaturae
944 2400 1026 2462 Prof.
1046 2399 1128 2479 publ.
1155 2394 1261 2477 Ejusd.
1286 2393 1319 2452 in

220 2495 349 2555 eundem
368 2501 582 2575 enarrationes,
597 2502 762 2563 observatt.
776 2510 807 2562 et
820 2501 909 2562 variae
922 2501 1006 2561 lectt.
1020 2517 1088 2559 cum
1102 2494 1170 2556 aliis
1194 2494 1319 2575 quibus·

213 2592 302 2664 darn,
315 2605 346 2654 et
359 2595 422 2658 ind.
436 2598 681 2679 locupletissimo.
704 2600 750 2659 Ex
762 2601 840 2661 offic.
854 2599 912 2660 Ch.
927 2596 1060 2661 Plantin.
1075 2596 1166 2656 Auta.
1174 2596 1205 2654 4.
1239 2590 1318 2653 Cru-

215 2689 309 2769 qnius
324 2688 516 2772 interpretum
532 2696 733 2776 antiquiorum
748 2696 898 2778 princeps.

214 2846 221 2859 ,
262 2819 304 2832 -
323 2787 477 2863 Polimata,
491 2791 639 2854 illustrata
648 2813 733 2874 argg.
745 2802 776 2855 et
783 2794 912 2874 castigg.
925 2793 1036 2875 Georg.
1048 2790 1184 2853 Fabricii.
1195 2789 1278 2870 Lips.
1287 2788 1318 2848 8.

213 2946 228 2957 ,,
265 2887 351 2946 1579.
365 2887 404 2956 Q.
417 2889 458 2949 H.
474 2889 508 2951 F.
533 2911 571 2952 ex
597 2890 657 2953 fide
681 2892 760 2954 Mss.
789 2891 978 2966 emendatus,
1002 2911 1070 2953 cum
1092 2898 1251 2952 comment.
1273 2886 1317 2946 D.

224 2983 359 3044 Lambini
370 2994 400 3045 et
412 2986 451 3048 A.
467 2988 606 3049 Turnebi.
634 2990 692 3070 Ap.
706 2990 758 3051 Jo.
771 2990 934 3052 Macoeum.
948 2990 1043 3051 Paris.
1058 2987 1112 3050 sol.

214 3141 220 3155 ,
261 3112 304 3128 -·
325 3083 497 3165 Cruquiana
512 3107 536 3149 1.
551 3107 666 3152 recusa.
703 3088 750 3163 Ex
762 3089 841 3149 offic.
857 3088 914 3150 Ch.
929 3088 1072 3151 Plautini.
1085 3088 1177 3150 Ante.
1192 3087 1223 3147 4.

263 3213 304 3226 -
325 3180 437 3263 Hugol.
461 3184 594 3246 Martelli
618 3186 840 3248 commentatio
854 3187 883 3248 in
910 3187 1008 3249 Odam
1023 3207 1065 3249 11.
1081 3185 1160 3246 Libri
1174 3202 1222 3245 rv.
1241 3179 1315 3242 Car·

222 3277 345 3353 minum,
359 3281 439 3362 apud
452 3283 471 3343 J
475 3292 573 3347 untas.
588 3284 720 3346 Florent.
734 3289 765 3346 4.
969 3321 972 3327 ·
1193 3274 1194 3277 ¹

232 3432 236 3447 ,
262 3409 304 3427 ··-
321 3380 363 3448 Q.
377 3379 417 3441 H.
432 3379 468 3443 F.
482 3400 550 3443 cum
566 3382 686 3445 scholiis
700 3394 731 3445 et
745 3400 830 3465 argg.
846 3382 951 3446 Venet.
968 3385 996 3444 8.

215 3520 222 3527 .
267 3476 345 3535 1580
367 3476 634 3543 Haeduo-Petrina
660 3502 709 3546 ιν.
738 3502 808 3545 cum
836 3500 942 3544 comm.
963 3500 1020 3543 xr..
1049 3477 1319 3560 grammaticorum.

154 3567 158 3575 '
216 3569 319 3640 ,Basih
332 3572 385 3634 fol.
698 3633 701 3641 ,

216 3708 232 3739 .-
262 3704 306 3716 -
326 3671 437 3752 Opera,
445 3692 513 3736 cum
528 3676 606 3738 notis
618 3677 787 3741 Variorum.
802 3678 965 3741 Parisfol.

263 3769 364 3839 -Q
381 3770 421 3831 H.
437 3771 471 3834 F.
487 3793 525 3835 ex
544 3773 602 3835 fide
627 3776 704 3841 Mss.
727 3778 826 3841 Codd.
852 3776 1042 3853 emendatus,
1063 3794 1132 3839 oum
1159 3775 1319 3835 comment.

223 3864 317 3926 Dion.
331 3865 474 3929 Lambini.
495 3871 593 3933 Lutet.
607 3873 660 3935 fol.

217 4012 224 4019 .
263 3997 305 4009 -
325 3964 585 4030 Commentarius
577 3991 648 4034 1n1.
662 3982 693 4035 et
708 3994 748 4036 11.
763 3976 912 4056 satyram,
926 3988 1007 4037 auct.
1022 3971 1084 4034 Jul.
1097 3968 1217 4081 Aurelio
1232 3912 1318 4027 Hau·

216 4059 334 4135 rachio,
348 4062 559 4143 Lessiguiensi
576 4069 667 4132 Basil.
682 4075 712 4133 8.

264 4193 306 4203 -
326 4159 402 4222 Phil.
418 4161 635 4244 Eugentinus
627 4190 657 4229 rn
672 4169 790 4252 Lyrioa
800 4170 927 4233 Horatii.
942 4167 1036 4233 Batil.
1052 4171 1080 4230 8.
1110 4165 1165 4285 Est
1181 4165 1271 4227 etiam
1285 4163 1317 4225 in

218 4255 538 4332 HearicoPetrina.
