3025 4934
238 371 326 440 tutu
558 381 754 443 anouusus
779 379 1005 438 vrrnrurortunr

235 541 356 622 junctas
379 540 480 612 habet,
503 550 534 601 et
559 539 692 621 pluribus
716 556 800 619 seqq.
828 537 951 618 preivit.
995 534 1109 602 Habuit
1132 532 1213 601 illam
1235 531 1336 596 ΛΑΜ.

240 639 404 713 Gesnerus,
419 640 470 719 qui
496 658 561 700 eam
590 637 732 713 describit
758 636 788 695 in
817 636 900 716 prael.
925 634 1039 694 Horatii
1067 634 1132 694 sui:
1153 631 1336 714 quiquaterl

237 738 342 798 niorres
356 737 447 798 habet
471 758 530 809 non
553 736 665 798 ‘literis
689 734 841 817 alphabeti
864 734 1010 819 signatos,
1035 731 1091 793 sed
1118 731 1190 791 folia
1216 729 1333 811 ipsein

238 836 350 916 angulo
365 834 470 896 dextro
485 835 603 917 paginae
615 833 741 894 adversa
754 831 882 892 numeris
898 830 1049 903 distincta,
1066 827 1105 889 ad
1124 847 1201 908 quos
1216 845 1334 889 areom-

239 933 361 994 modata
372 945 420 995 est
432 932 535 993 tabula
557 931 789 993 vocabulorum!
831 929 992 990 Proemissa
1006 947 1076 987 vero
1098 939 1145 990 est
1158 927 1187 991 iu
1215 925 1334 986 laudem

240 1031 387 1093 Laudini:
420 1029 491 1090 ‘Ad
521 1029 677 1116 Horatium
706 1029 848 1090 Flaccum
872 1028 940 1088 Ode
965 1027 1089 1088 Dieolos
1119 1023 1334 1101 tetrastrophos

241 1129 348 1210 Angeli
364 1128 524 1190 Politiani.’
545 1129 620 1189 Eam
630 1127 781 1207 sequitur:
803 1127 1002 1187 ‘Prooemium
1018 1122 1193 1202 Christoplr.
1209 1121 1334 1180 Laudini

241 1227 405 1288 Florentioi
419 1229 449 1287 in
476 1228 516 1296 Q.
532 1226 649 1287 Horatii
664 1227 765 1287 Flacci
789 1225 880 1285 libros
905 1244 1008 1286 omnes
1038 1222 1077 1287 ad
1103 1220 1333 1287 illustrissimum

210 1314 213 1319 ⁴
239 1323 411 1395 Guidorrem
426 1325 565 1387 Felirium
579 1325 679 1406 magni
695 1325 718 1383 F
720 1324 830 1391 ederici
844 1324 939 1385 Ducis
954 1323 1064 1383 fitium
1080 1318 1335 1399 interpretationes

237 1423 382 1504 incipiunt
395 1423 552 1485 foeliciter!
592 1424 667 1482 Tuin
683 1423 774 1484 index
789 1421 1040 1483 emendationum.

280 1553 320 1567 -
337 1521 543 1602 ¹Epistularum
557 1520 641 1582 liber.
662 1520 783 1602 Lipsiae,
796 1524 827 1584 4.
1017 1576 1019 1579 ,

247 1639 262 1649 ”
282 1621 360 1692 1483
382 1620 508 1689 Laudini
524 1640 565 1681 rr.
600 1619 715 1680 Veneta
731 1639 771 1679 11.
807 1617 1026 1692 Horatius,lol.
1043 1617 1106 1681 sine
1120 1615 1209 1677 titulo
1232 1614 1336 1696 incipit

239 1717 278 1782 ab
293 1718 363 1780 Oda
376 1706 527 1791 Politiani,
541 1717 740 1798 convenitque
753 1737 822 1779 eum
841 1716 942 1798 priori,
956 1716 1013 1777 nisi
1035 1714 1117 1795 quod
1132 1734 1186 1794 pro
1201 1714 1336 1775 soliorum

235 1817 367 1889 numeris
404 1817 496 1878 habet
532 1817 741 1896 quaterniones
784 1817 930 1896 signatos.
956 1852 957 1855 =
980 1816 1014 1879 lu
1040 1815 1116 1877 fiae:
1154 1814 1336 1893 Impressum

236 1913 373 1985 ¹venetiis
400 1935 453 1995 per
483 1915 631 1976 loannem
658 1915 697 1974 de
726 1913 855 1985 Forlivio
882 1924 913 1974 et
947 1912 1055 1974 socios.
1112 1911 1201 1973 Anno
1231 1911 1335 1971 salutis

242 2032 279 2072 rr.
300 2031 390 2074 cccc.
414 2013 751 2093 exaratur-Excipit
777 2016 857 2074 certe
885 2012 917 2072 in
943 2012 1002 2072 hac
1036 2010 1166 2073 editione
1196 2008 1336 2079 Politiani

238 2108 349 2184 Odam,
364 2123 394 2171 et
409 2110 535 2170 Laudini
547 2111 740 2191 Jprooemium,
762 2119 770 2145 ‘
788 2110 891 2171 tabula
906 2108 1126 2183 vocabulomm‚
1141 2109 1255 2189 quaein-
1266 2127 1336 2167 nos-

234 2206 294 2268 tris
309 2208 527 2281 commentariis
549 2227 605 2270 suo
628 2207 731 2279 ordine
744 2273 747 2277 ἵ
760 2209 1003 2288 interpretatione
1024 2206 1177 2280 invenies,'
1196 2205 1251 2267 sed
1270 2205 1336 2266 sine

238 2305 350 2368 additis
363 2302 482 2388 paginis
500 2327 525 2367 s.
540 2307 638 2368 foliis:
661 2308 850 2387 nequeenim
865 2306 938 2367 folia
962 2305 1030 2369 libri
1043 2305 1172 2369 numeris
1193 2304 1336 2365 distinete

233 2416 322 2477 *sunta
363 2405 504 2485 Sequitur
524 2415 589 2477 tum
617 2406 709 2469 indere
732 2404 996 2473 emendationum:
1020 2403 1107 2467 ‘heac
1122 2414 1193 2464 sunt
1214 2423 1285 2482 qum
1304 2404 1335 2463 in

238 2502 343 2564 codice
371 2503 488 2565 Horatii
513 2525 611 2567 errore
638 2504 754 2591 librarii
774 2504 920 2567 mendosa
942 2500 1131 2567 emendanda
1158 2501 1337 2563 laetanti-v

237 2601 432 2665 ‘Emendate
458 2602 488 2663 in
512 2604 731 2667 commentariis
758 2623 826 2683 quae
849 2601 1042 2663 invenies-⁶
1056 2598 1228 2680 Registnrm
1243 2598 1336 2679 hujus

125 2749 131 2756 .
238 2697 357 2789 operis,'
371 2719 431 2778 quo
446 2694 629 2779 singulorum
645 2701 872 2779 quaternionum
888 2699 1117 2778 duplicatorum,
1127 2698 1178 2778 qui
1199 2708 1269 2759 snut
1284 2701 1334 2759 25.

239 2805 367 2876 quatuor
381 2795 476 2877 prima
489 2796 561 2858 folla
574 2797 665 2859 literis
688 2796 840 2879 alphabeti
863 2797 984 2876 signata
1004 2805 1146 2861 notantur
1159 2817 1177 2856 a
1192 2815 1265 2857 voue
1278 2797 1336 2856 ini·

235 2893 313 2959 tiali.
355 2894 390 2955 Iu
405 2894 462 2954 fine
477 2895 613 2975 registri:
634 2895 861 2977 ‘christophori
871 2894 997 2954 Landini
1013 2894 1174 2957 Florentini
1186 2894 1217 2955 in
1232 2893 1336 2963 Quinti

239 2990 356 3057 Horatii
371 2991 472 3055 Flacci
485 3010 576 3073 opem
589 2992 689 3055 omnia
702 2992 978 3074 interpretationum
992 2993 1071 3053 finis.
1104 2992 1213 3053 Divino
1225 2993 1336 3053 auxilio

239 3089 320 3153 loelix
334 3088 383 3151 die
400 3109 490 3151 xvir.
512 3089 588 3152 Maii
601 3109 640 3154 m.
656 3090 936 3160 cccc.1.xxx111;’
956 3104 1019 3152 tum
1033 3090 1104 3151 Vita
1112 3091 1215 3152 Poetae
1230 3090 1337 3152 aLan·

238 3187 311 3247 dino
326 3186 437 3267 scripta
462 3189 649 3268 premittitur
673 3189 747 3269 ipsis
771 3189 1001 3251 commentariis.
1042 3190 1219 3269 Exemplum
1247 3189 1335 3270 hujus

239 3284 311 3351 edit.
325 3295 373 3347 est
386 3285 416 3345 in
440 3286 517 3350 Bibl.
541 3287 699 3367 Gymnasii
720 3287 841 3375 Bipout.
864 3288 950 3368 eujus
973 3288 1086 3368 primus
1108 3274 1266 3369 possessor
1278 3289 1335 3348 du·

238 3384 347 3464 plicam
361 3385 408 3445 sui
423 3385 558 3447 notitiam
582 3385 678 3469 primo
690 3385 948 3468 iolioinscripsit:
973 3388 1080 3447 ‘Anno
1096 3396 1199 3448 anato
1214 3387 1336 3447 Christo

241 3484 330 3544 1479.
346 3480 394 3542 die
421 3484 516 3562 prima
540 3485 651 3551 mensis
667 3485 842 3547 Decembris
871 3484 1000 3564 gradum
1028 3484 1275 3546 bacenaureatus
1304 3485 1334 3545 iu

237 3580 351 3641 artibus
365 3579 396 3638 in
414 3580 603 3640 universitate
621 3581 796 3647 Coloniensi
810 3583 840 3643 in
855 3583 946 3644 bursa
959 3582 1062 3643 licent.
1079 3593 1200 3662 regente
1214 3574 1336 3645 doctore

237 3676 384 3757 lamperto
404 3689 592 3741 :consecutus
619 3682 704 3739 sum?
744 3680 840 3743 Dein:
873 3681 981 3741 ‘Anno
1007 3680 1068 3739 Dni
1096 3698 1335 3743 noccorxxxv.

232 3777 276 3837 ,ln
288 3774 391 3855 vigilia
405 3775 543 3838 undecim
554 3774 682 3837 millium
692 3777 839 3858 virginum
861 3778 986 3858 gradum
1001 3776 1163 3856 magisterii
1177 3779 1208 3837 in
1222 3778 1336 3840 artibus

235 3871 407 3935 liberalibus
428 3873 458 3935 io
484 3875 678 3960 universitate
705 3875 954 3958 heydelbergensi
982 3886 1162 3937 consecutus
1183 3896 1249 3937 sum
1279 3878 1336 3938 sub
1442 3934 1443 3937 ,

235 3970 381 4051 magistro
395 3970 524 4033 hioanne
538 3972 616 4035 heim
626 3994 665 4034 ex
675 3972 812 4037 winheim
821 3993 971 4036 sacrarum
980 3971 1131 4034 literamm
1140 3974 1336 4037 baccalaureo
1434 4028 1440 4034 ,

230 4078 268 4131 et
279 4088 334 4149 pro
347 4077 419 4130 tune
434 4069 567 4149 ejusdem
582 4071 783 4135 universitatis
798 4071 957 4133 laoultatis-
966 4070 1077 4151 areium
1091 4071 1230 4135 deoauo.’
1272 4071 1337 4135 No·

237 4185 306 4228 men
321 4184 476 4246 possessor
499 4167 564 4249 ipse
577 4168 659 4230 haud
680 4162 829 4257 ascripsit,
843 4168 977 4249 quamvis
993 4170 1055 4250 ipse
1083 4170 1175 4251 multa
1198 4171 1336 4247 ‚allevent

228 4262 277 4326 'ad
292 4273 405 4326 textum
417 4266 637 4350 anplioandum,
652 4267 840 4347 iudicemque
855 4267 980 4328 auxerit.
1037 4340 1040 4345 y
