3025 4934
247 352 335 420 2064
570 367 765 422 nnoausus
799 367 1017 420 nnrrrouurr

251 523 414 585 versionem
440 523 477 584 ab
507 522 547 583 ls·
571 524 751 584 Casaubono
778 523 1014 586 commendatus.
1034 521 1172 606 Philippo
1194 523 1348 597 Hordeo,

249 625 346 683 locum
357 622 433 682 inter
447 622 591 683 Doctores
607 621 740 701 publicos
754 622 968 684 Salrnurienses
983 622 1123 683 obtinuit.
1149 622 1218 683 Vid.
1233 623 1349 688 Thomu

250 720 424 781 Bartholini.
440 720 522 781 Dies.
537 721 575 782 de
590 720 716 782 Medicis
727 721 842 783 Poetis.
856 719 948 783 Hafn.
967 722 1055 784 1669.
1068 740 1099 802 p.
1118 723 1186 782 135.

682 936 912 1000 POLONICAE.

296 1091 374 1151 1609
395 1089 434 1158 Q.
448 1085 590 1148 Horatius
608 1086 733 1149 Flaccus
755 1109 807 1169 per
835 1088 954 1149 Sebast.
981 1087 1119 1170 Petrycy.
1142 1086 1187 1146 M.
1202 1085 1242 1145 D.
1268 1084 1348 1144 Cra·

252 1208 318 1249 cor.
334 1191 365 1249 4.

175 1307 178 1312 ·
296 1288 372 1347 1647
395 1286 432 1355 Q.
448 1253 588 1346 Horatius
605 1284 729 1347 Flaccus
746 1284 962 1348 Przelrladania
975 1285 1053 1345 lana
1065 1282 1245 1363 hibickiego.
1270 1280 1348 1340 Cra·
1425 1293 1428 1298 ·

252 1404 317 1445 cor.
332 1388 364 1448 4.

283 1484 374 1571 41773
395 1481 495 1542 Piesui
509 1482 677 1564 Wszystkie
693 1482 890 1562 Horacyuska
905 1479 1120 1543 Przekladania
1130 1477 1257 1560 roznych
1271 1486 1346 1538 torn.

254 1600 279 1641 1.
309 1590 340 1641 et
366 1601 407 1643 11.
438 1579 606 1642 Nakladem
631 1581 766 1641 Michala
795 1580 901 1641 Grolla
927 1579 1084 1659 Bibliopoli
1113 1601 1133 1660 y
1161 1577 1348 1639 Komisarza.

253 1679 368 1739 Warsz'.
384 1682 412 1740 8.
451 1680 573 1742 Curavit
596 1680 674 1740 hanc
689 1679 894 1740 collectionem
910 1676 1005 1738 Adam
1018 1675 1235 1748 Naruszeuick,
1250 1674 1351 1733 Po'e'ta

253 1777 398 1839 Polonus.
413 1778 497 1839 Tom.
515 1799 539 1840 1.
555 1779 630 1839 duos
645 1779 758 1859 priores
773 1778 864 1838 libros
878 1777 1022 1847 Odarnrrr,
1036 1776 1121 1838 Tom.
1135 1796 1176 1835 rr.
1191 1774 1270 1834 Libr.
1285 1791 1346 1832 ιιι.

254 1885 285 1935 et
297 1896 339 1936 rv.
356 1876 488 1936 Odarum
503 1886 533 1936 et
547 1877 625 1936 Libr.
642 1876 767 1955 Epodorr
779 1877 808 1935 iu
824 1896 856 1936 se
870 1877 1014 1949 continet,
1024 1876 1066 1935 ita
1080 1885 1182 1953 utuna
1196 1870 1263 1932 Ode
1278 1870 1350 1951 plus

167 1997 171 2004 ’
256 1972 383 2050 simplici
396 1974 460 2034 vice
475 1983 621 2036 occurrat.
652 1976 687 2034 In
700 1974 874 2055 praefatione
897 1974 1018 2035 nomina
1039 1993 1151 2047 eorum,
1173 1970 1226 2051 qui
1243 1969 1273 2029 in
1286 1968 1347 2028 hac

254 2068 395 2147 palaestra
417 2071 612 2147 desudarunt,
627 2071 783 2153 diligenter
803 2072 954 2146 indicavit,
980 2073 1057 2133 inter
1070 2091 1145 2152 qnos
1160 2068 1269 2132 eminet
1282 2066 1349 2149 ipse

258 2165 419 2229 Collector.

666 2355 938 2444 nununuron.

299 2487 376 2548 1639
397 2488 492 2550 Andr.
519 2488 622 2549 Heinr.
654 2488 798 2550 Bucholtz
825 2499 919 2549 erstes
942 2484 1177 2558 verdeutschtes,
1205 2483 1268 2546 und
1295 2483 1351 2543 mit

255 2584 378 2645 lrurtzen
403 2587 502 2650 Noten
530 2588 683 2649 erlrlaertes
719 2586 886 2647 Odenbuch
910 2585 964 2646 des
992 2585 1031 2654 Q.
1047 2582 1189 2644 Horatius
1210 2582 1351 2644 Flaccus.

257 2680 413 2743 Gedruclrt
427 2684 521 2744 durch
537 2685 615 2746 Petr.
632 2671 754 2745 Lucius.
770 2679 902 2744 Rinteln.
918 2687 947 2742 8.

267 2833 274 2838 .
297 2807 338 2824 —-·
358 2780 454 2841 Andr.
469 2780 573 2843 Heinr.
587 2781 731 2844 Bucholtz
745 2780 944 2842 verteutschte
965 2780 1027 2841 und
1046 2780 1099 2840 mit
1112 2780 1234 2839 lrurtzen
1249 2777 1352 2837 Noten

258 2874 395 2936 erkloerte
415 2877 654 2962 Poetereykunst
668 2879 722 2948 des
738 2881 777 2949 Q.
793 2880 934 2940 Horatius
947 2879 1084 2954 Flaccus,
1097 2877 1244 2958 gedruclrt
1257 2873 1353 2935 durch

259 2971 341 3033 Petr.
355 2974 476 3036 Lucius.
492 2977 626 3038 Rinteln.
642 2981 671 3038 8.

299 3073 379 3132 1643
402 3074 439 3143 Q.
455 3074 528 3135 Hor.
552 3076 599 3136 Fl.
621 3086 715 3137 erstes
740 3075 908 3136 Odenbuch
930 3094 988 3137 von
1012 3074 1083 3136 166.
1107 3072 1270 3134 Bohemus.
1286 3069 1349 3130 Ge·

256 3169 365 3232 druclrt
379 3171 472 3234 durch
489 3173 586 3236 Gimel
598 3174 724 3254 Bergers
740 3171 851 3236 E'rben.
866 3173 1014 3235 Dresden.
1030 3176 1060 3235 8.

300 3270 377 3340 1656
399 3271 589 3341 6110614.
614 3272 676 3332 riei
704 3273 822 3333 Biicher
851 3272 997 3343 Odarum,¹
1017 3272 1047 3329 iu
1075 3266 1224 3330 Teutsche
1244 3266 1360 3326 Poesie¹

255 3366 422 3440 iibersetzet
435 3388 492 3430 von
506 3370 576 3432 Joh.
593 3371 753 3445 Bohernus,
776 3370 869 3431 durch
886 3369 1001 3431 Melch.
1014 3368 1142 3447 Bergan.
1157 3364 1305 3426 Dresden.
1321 3365 1353 3423 8.

299 3467 377 3525 1659
399 3468 494 3527 Andr.
511 3469 614 3532 Heinr.
637 3469 782 3531 Bucholtz
805 3478 899 3529 erstes
914 3466 1082 3527 Odenbuch
1105 3464 1158 3526 des
1179 3463 1219 3532 Q.
1234 3461 1353 3524 Horatii

256 3557 368 3631 Flacci,
384 3561 413 3621 in
424 3565 572 3627 Teutsche
588 3567 695 3628 Poesie
707 3570 884 3628 iibersetzet.
901 3564 1033 3625 Rinteln.
1050 3567 1080 3623 8.

301 3660 375 3719 1671
400 3660 438 3729 Q·
453 3662 569 3723 Horatii
585 3664 685 3726 Flacci
711 3666 823 3745 Opera,
844 3664 874 3723 in
897 3662 1133 3742 urgebundener
1154 3658 1239 3720 Rede
1263 3658 1352 3719 iiber·

256 3764 360 3833 tragen
371 3777 431 3817 von
444 3759 511 3821 Jae.
528 3760 659 3825 Rothen.
675 3764 776 3825 Basel.
793 3765 822 3823 8.
1314 3838 1319 3844 ἱ

301 3854 379 3913 1690
401 3856 571 3919 Liederdes
586 3860 624 3928 Q.
639 3861 783 3920 Horatius
798 3862 936 3933 Flaccus,
951 3860 981 3918 in
1005 3856 1230 3919 hochdeutschc
1245 3853 1349 3915 Reimc

257 3949 416 4026 iihersetzt,
430 3953 522 4016 durch
536 3956 669 4019 Gotthilf
680 3957 795 4016 Flamin
811 3957 965 4019 Weidner.
981 3957 1110 4039 Leipzig.
1127 3959 1157 4018 8.

302 4049 379 4107 1698
401 4051 438 4120 Q.
463 4053 606 4114 Horatius
629 4053 757 4118 Flaccus
780 4056 810 4114 in
835 4055 1068 4136 ungelrundeuer
1093 4053 1264 4117 Schneibart
1286 4069 1351 4113 ver·

257 4144 482 4209 deutschetvon
494 4151 604 4215 Joach.
620 4152 751 4214 Rulffen.
767 4154 897 4235 Leipzig.
914 4156 943 4215 8.
959 4154 1078 4215 Desunt
1093 4152 1132 4228 ,in
1146 4150 1204 4209 hac
1219 4147 1350 4209 editione

257 4244 335 4305 Libri
351 4246 411 4308 duo
425 4247 600 4326 Satirarum,
614 4251 665 4329 qui
678 4263 775 4313 tamen
790 4236 820 4312 in
835 4253 887 4313 illa
901 4252 938 4313 de
951 4270 1030 4313 anno
1045 4250 1134 4312 1707.
1147 4254 1349 4318 accesserunt.
