3025 4934
262 363 351 438 2⁰26
393 380 550 436 conrons
576 380 614 429 rr
642 377 834 430 nranrorn.
862 376 986 429 narra
1008 377 1233 431 assnnrrrn

264 542 370 627 Bagis
396 539 602 624 Hungariae3
628 536 764 604 tandem
785 535 933 609 venitin
953 535 1204 622 possessionem
1225 535 1367 604 Antonii
1482 541 1483 590 i

265 645 401 725 askew,
415 644 467 714 M.
477 645 523 710 D.
533 642 828 728 vinincodicibns
839 642 929 708 Mas.
940 641 1117 708 Latinisat
1126 641 1259 709 Graccis
1268 644 1368 710 inda·
1482 689 1483 724 2

262 750 384 837 gaudis
397 752 483 816 intcr
497 747 623 833 primos
643 748 767 813 curiosi
784 751 817 812 ct
838 746 977 811 assidui.
1020 745 1093 811 Sub
1108 746 1207 811 initio
1219 745 1367 832 huj'nsce

264 854 404 921 Codicis
428 849 602 917 Askanios
632 851 706 916 haec
732 853 837 917 verba
859 851 1107 935 exscripseratt
1128 851 1282 917 ‘latores
1298 854 1367 917 cri-

264 961 375 1042 tiqnes
395 957 437 1023 do
453 955 592 1024 Gisbert
606 954 729 1041 Copor,
754 952 1018 1034 aAmstardam,
1037 955 1141 1021 1742.
1154 977 1190 1041 p.
1202 955 1280 1022 381,
1300 957 1377 1023 J'ai

262 1062 428 1129 l’Horaco
456 1058 715 1134 d’Amstordam.
734 1058 808 1124 Mr.
829 1059 973 1145 Bentley
998 1067 1055 1125 ost
1075 1062 1185 1127 hardi.
1199 1061 1284 1126 dans
1309 1082 1367 1127 aas

266 1166 486 1251 conjectures.
530 1163 643 1228 Jeme
660 1163 731 1227 suis
745 1169 919 1229 entratenn
930 1183 988 1228 sur
999 1164 1271 1249 quelques-ones,
1281 1185 1367 1231 aveo

265 1290 312 1334 un
326 1270 369 1335 da
379 1287 451 1333 mos
466 1266 565 1345 amis,
579 1273 615 1331 ot
630 1266 693 1350 j'ai
708 1286 755 1332 un
768 1268 838 1332 bon
851 1268 1036 1333 manuscrit
1046 1270 1129 1334 sorti
1139 1269 1182 1334 de
1193 1270 1228 1335 la
1239 1269 1368 1335 niano

123 1403 126 1409 ²
264 1374 385 1458 thcqnc
400 1372 443 1436 dn
460 1370 530 1435 Roi
549 1368 714 1435 Matthias
737 1370 916 1451 Corvinus,
940 1381 987 1438 ou
1002 1371 1065 1457 j’ai
1081 1375 1198 1439 trouva
1218 1375 1368 1439 diverses

264 1476 395 1561 leoons,
409 1475 489 1540 dont
504 1493 544 1540 oc
560 1479 701 1557 scarant
714 1471 859 1559 Anglois
870 1495 910 1539 ne
921 1476 984 1542 fait
998 1496 1062 1561 pas
1077 1476 1246 1544 mention?
1356 1517 1359 1522 ν

309 1582 352 1645 In
368 1579 512 1646 collect.
535 1577 623 1643 Mas.
643 1567 846 1663 Indoscrip't.
865 1580 901 1645 in
919 1579 1045 1647 Museo
1066 1582 1193 1648 Britan.
1215 1603 1249 1647 v.
1272 1599 1314 1645 rr.
1336 1603 1369 1667 p.

265 1685 342 1752 819.
379 1683 574 1749 Carminum
587 1682 662 1746 nib.
676 1698 702 1747 1.
714 1702 792 1748 cnm
802 1684 894 1749 notis
906 1692 943 1750 et
958 1684 1040 1752 Vita
1055 1686 1193 1753 Horatii
1206 1707 1252 1753 ex
1265 1688 1371 1753 variis

264 1788 460 1855 auctoribus
474 1786 643 1865 collectis,
658 1787 702 1851 ab
718 1786 868 1854 Honrico
892 1788 1012 1869 Finch,
1030 1798 1066 1856 ot
1085 1789 1175 1877 patri
1195 1790 1370 1857 succedi-

267 1893 367 1973 catis,
381 1892 480 1957 1577.

298 1995 379 2059 -His
390 1993 600 2079 adjiciantur,
616 1994 743 2080 quippo
758 2015 837 2080 quar
847 1996 911 2060 sub
926 1996 1046 2072 eadem
1061 1997 1185 2081 pagina
1198 2007 1369 2077 notantur,

266 2098 369 2165 rariae
383 2096 470 2164 Odae
489 2096 613 2162 Matris
623 2095 819 2183 anglicanis
834 2120 954 2179 versae,
968 2116 1004 2165 et
1016 2100 1197 2168 Tractatns
1210 2104 1247 2168 in
1261 2104 1370 2170 diror-

264 2223 320 2270 sas
335 2207 450 2288 partos
461 2201 602 2269 Horatii
614 2204 658 2268 ab
673 2204 867 2270 auctoribus
880 2205 983 2271 variis
996 2205 1151 2271 consecti.

376 2471 503 2541 Codices
516 2475 551 2540 in
565 2473 697 2542 Palatio
707 2473 979 2564 Archiepircopali
996 2474 1084 2562 opud
1097 2472 1263 2542 Lambeth.

283 2779 287 2785 .
310 2693 351 2759 Io
367 2694 529 2761 Biblioth.
542 2696 630 2761 Mss.
645 2696 908 2786 Archiepiscopi
920 2696 1081 2763 Cantuar.
1093 2696 1187 2783 apud
1199 2695 1372 2774 Lambeth,

267 2797 376 2864 codex
397 2805 461 2877 est,
483 2800 607 2883 partim
628 2801 812 2867 membran.
832 2801 957 2886 partim
978 2802 1125 2867 chartac.
1148 2802 1184 2878 in
1203 2802 1271 2865 4to.
1291 2818 1372 2866 saec.

269 2916 335 2964 xv.
346 2901 562 2985 complexus,
573 2903 660 2967 intor
668 2903 737 2968 alia
746 2904 854 2969 multa
863 2904 1021 2984 classica,
1030 2905 1166 2972 Horatii
1176 2905 1372 2970 Sermonum

267 3002 389 3069 Libros
403 3004 502 3084 dnos,
517 3024 596 3070 curn
607 3006 696 3070 notis
706 3009 847 3092 margin.
862 3007 911 3073 N.
923 3009 1001 3073 425.

310 3105 354 3171 In
375 3107 493 3175 cadom
509 3108 675 3174 Biblioth.
692 3114 728 3175 ot
747 3111 811 3176 suh
829 3110 949 3177 eadem
964 3109 1121 3195 Catalogi
1136 3114 1270 3196 pagina,
1284 3109 1373 3196 (54.)

266 3218 320 3276 ost
333 3211 409 3276 cod.
425 3212 607 3278 membran.
621 3232 701 3279 saeo.
715 3228 799 3278 xrv.
814 3214 1026 3299 complexus,
1041 3214 1125 3281 inter
1139 3215 1220 3293 alia,
1235 3213 1371 3280 Florile-

265 3315 356 3400 ginm
371 3334 417 3382 ex
431 3315 633 3398 Claudiano,
649 3317 788 3398 Ovidii),
804 3317 965 3399 Horatio,
977 3321 1038 3385 &a
1359 3305 1362 3310 ’
