3025 4934
470 405 474 410 ·
514 389 613 451 nno.
631 389 801 441 ιιοιιιιιο
820 390 977 441 ausono.
1203 379 1302 446 tasn-

191 542 410 625 commentariis
424 544 513 604 etiarn
527 542 686 607 illustrarit
698 544 838 606 Albertus
853 545 882 606 le
897 545 975 625 Roy,
983 543 991 573 ¹
1009 543 1139 606 Ercmita
1153 547 1296 627 Angusti-

144 723 150 729 ι
191 642 310 716 arianus,
327 641 493 724 Herhipoli,
510 644 600 705 1683
616 646 645 704 8.
1028 696 1030 701 «

180 795 185 804 .
233 741 298 801 Ars
311 742 439 811 Po'ctr'oa
454 740 566 822 scripta
580 741 618 802 ad
630 740 769 816 Pisones,
782 743 896 821 patrem
911 750 942 802 et
951 739 1048 803 filios:
1060 741 1115 803 hos
1130 744 1207 803 enim
1221 741 1297 805 allo·

183 839 293 918 ¹quitur
306 858 394 899 versu
409 842 458 899 24.
500 846 510 876 ‘
523 838 623 910 Pater,
638 850 669 901 et
677 840 818 921 juvenes,
832 849 917 919 patre
931 838 1036 919 digni:

237 936 398 997 Suetonius
413 940 442 998 in
455 938 525 1000 Vita
535 948 673 1015 testatur,
687 939 807 999 venisse
822 937 850 996 in
867 946 1058 999 manus'suas
1072 948 1104 998 et
1115 939 1228 1021 Elegea
1242 940 1298 999 sub

195 1034 311 1109 Horatii
325 1035 423 1111 titulo,
445 1047 476 1098 et
490 1038 660 1118 Epistulam
679 1055 770 1119 prosa
784 1036 929 1111 oratione,
950 1036 1037 1116 qnasi
1058 1038 1298 1098 commendantis

194 1153 227 1197 se
242 1132 415 1197 Maecenati.
443 1142 452 1171 ⁴
466 1136 527 1196 Sed
538 1136 684 1216 utraque,'
697 1137 805 1216 inquit,
820 1135 1007 1214 ‘falsaputo
1036 1133 1131 1197 ‚Nam
1141 1136 1218 1215 elegi
1233 1134 1300 1194 vul·

194 1251 294 1310 garos,
308 1231 438 1314 epistola
452 1244 552 1295 autem
567 1236 705 1306 obscura,
719 1253 783 1315 quo
795 1232 866 1295 vitio
881 1232 1000 1294 minime
1012 1233 1190 1295 tenebatur?
1221 1236 1301 1294 Auo-

194 1338 242 1390 tor
256 1329 322 1390 libri
337 1329 376 1391 de
390 1328 625 1413 orthographia,
639 1332 691 1412 qui
705 1330 799 1392 Bedac
815 1332 905 1411 vulgo
919 1330 1066 1403 tribuitur,
1078 1351 1108 1410 p.
1124 1330 1300 1415 sannaus.

195 1427 348 1491 Putschii:
375 1428 543 1492 ‘Nonnulli
560 1440 690 1492 veterum
713 1432 781 1512 ipsu
794 1430 927 1491 carmina
939 1429 1018 1490 solas
1039 1429 1203 1503 nominare,
1225 1429 1303 1490 sicut

196 1518 339 1587 Horatius
360 1528 391 1588 in
413 1528 557 1615 principio
572 1529 728 1611 cujusdam
742 1527 914 1603 voluminis,
936 1527 1017 1607 quod
1034 1528 1076 1587 ita
1089 1546 1214 1588 exorsus
1235 1541 1303 1589 est:
1381 1528 1385 1532 ’

198 1623 304 1684 ‘Soles
327 1645 408 1688 meos
422 1628 503 1688 omni
523 1626 667 1690 Ecclesiae
691 1625 810 1706 (Barth.
834 1645 897 1686 ιιι.
913 1626 943 1685 4.
960 1624 1032 1705 legit
1047 1625 1174 1701 Eteaiae)
1196 1637 1304 1687 vestrm

194 1720 413 1786 commendo.”
434 1724 473 1786 Et
489 1725 594 1787 Maro:
608 1732 618 1762 ⁸
631 1742 714 1808 sape
732 1745 790 1807 ego
804 1725 913 1805 longos
928 1721 1089 1783 Cantando
1103 1718 1227 1806 puerum
1241 1716 1305 1784 rne-

195 1820 268 1885 mini
283 1841 331 1885 rna
345 1821 474 1885 condere
489 1823 590 1887 soles?
1289 1834 1293 1847 '

597 1989 908 2065 Scholiaalaeluctcrea.
1008 1966 1010 1969 Ι

240 2117 355 2179 Multos
380 2117 602 2182 Grammaticos
624 2131 741 2182 veteres
770 2120 948 2201 interpretes
977 2130 1067 2183 nacta
1092 2128 1163 2181 sunt
1189 2112 1307 2179 Horatii

197 2216 353 2291 Carmina,
367 2216 422 2278 sed
437 2238 562 2297 quorum
577 2228 653 2279 astas
667 2218 782 2281 definiri
797 2238 859 2280 non
871 2228 984 2300 potest.
1026 2219 1126 2280 Primo
1140 2218 1209 2279 loco
1221 2215 1308 2297 poni·

197 2316 289 2374 turin
302 2314 373 2377 edd.
382 2316 497 2392 Aaron,
511 2315 560 2378 cui
575 2317 922 2400 proet'ertinterpretandi
933 2317 1055 2378 solertia
1068 2316 1308 2396 Porphyrium

199 2411 353 2472 vavassor
374 2413 413 2474 de
434 2415 462 2473 vi
483 2423 514 2473 et
535 2434 592 2474 usu
614 2413 771 2476 verborum
785 2412 984 2494 quorundam.
1026 2413 1121 2474 Henr.
1137 2411 1308 2493 Stephanus

199 2516 339 2580 testatur,
360 2508 389 2567 in
412 2510 475 2571 Ma.
492 2512 694 2593 Pomponium
705 2510 951 2591 Porphyriones»
972 2508 1125 2591 appellari.
1167 2511 1309 2570 Ceterum

199 2614 275 2667 aunt
295 2605 392 2686 magis
411 2617 555 2689 excerpta
575 2628 613 2669 ex
627 2628 731 2670 eorum
747 2608 979 2682 commentariis,
1001 2627 1091 2690 quam
1106 2607 1309 2669 commentarii

199 2704 270 2786 ipsi,
294 2705 375 2785 iique
389 2706 490 2783 etiarn,
512 2717 544 2768 nt
557 2708 589 2767 in
604 2707 669 2768 aliis
685 2728 806 2789 quoque
821 2709 944 2782 factum,
957 2705 1129 2789 interpolati
1144 2706 1182 2768 ab
1194 2706 1242 2779 iis,
1256 2706 1310 2787 qui

199 2804 259 2865 ista
272 2824 458 2886 excerpsere.
503 2804 715 2888 Porphyrionis
736 2806 859 2887 quidem
874 2806 997 2869 Scholia
1010 2825 1043 2867 se
1065 2805 1155 2885 longe
1175 2804 1311 2884 pleniora

200 2899 311 2964 habere
326 2904 446 2985 scripsit
459 2903 711 2965 Emendationum
725 2905 762 2967 L.
776 2926 802 2969 1.
815 2926 843 2968 c.
859 2908 909 2966 14.
923 2924 1020 2985 eaque
1029 2924 1064 2965 se
1078 2903 1227 2970 editurum
1240 2921 1310 2981 pro-

200 3001 293 3063 misit.
336 3001 459 3063 Scholia
479 3012 581 3065 autem
603 3004 754 3085 Anonymi
774 3003 870 3066 edidit
892 3004 1005 3085 primns
1027 2995 1179 3082 Cm'rluius
1200 3002 1231 3060 in
1256 3018 1311 3061 aaa

202 3100 321 3161 Horatii
334 3094 477 3162 editione.
510 3101 556 3162 Ea
564 3102 672 3164 similia
681 3103 791 3164 ceteris
801 3101 921 3183 judicat
931 3101 1070 3163 Barthius
1085 3099 1208 3160 Advers.
1222 3117 1312 3161 xtrr.

199 3199 253 3269 22.
272 3217 325 3258 nec
338 3199 442 3278 magni
455 3199 584 3260 faciebat
597 3200 632 3260 T.
649 3200 746 3261 Faber
760 3200 836 3284 Epp.
851 3222 875 3262 1.
891 3204 921 3264 2.
936 3221 977 3266 ιι.
989 3203 1040 3260 54.
1077 3199 1198 3259 Habent
1211 3207 1312 3258 tamon

202 3314 264 3357 non
279 3316 387 3377 pauca,
401 3317 470 3377 quae
484 3299 515 3368 1ιιΙ
529 3299 635 3369 ceteris
647 3299 778 3361 Scholiis
790 3299 923 3379 antiquis
939 3317 998 3358 non
1013 3297 1208 3377 reperiuntur,
1223 3307 1254 3356 et
1267 3306 1313 3354 ta·

201 3413 273 3458 rnen
288 3392 329 3452 ad
342 3393 570 3474 intelligendum
586 3396 744 3463 Horatium
758 3397 854 3456 utilia.
898 3394 1020 3455 Scholia
1032 3392 1146 3452 inedita
1156 3402 1262 3452 extant
1280 3391 1312 3451 in

201 3491 280 3553 Bibl.
297 3492 538 3571 Franeqnerana,
558 3503 636 3553 teste
650 3493 850 3554 Gutberletho
864 3492 902 3551 de
917 3490 1006 3551 Saliis
1026 3510 1096 3570 pag.
1112 3482 1152 3552 9.
1171 3488 1312 3551 Graevius

204 3590 294 3651 etiarn
310 3589 341 3648 in
353 3590 440 3661 Lect.
456 3589 583 3650 Hesiod.
596 3610 628 3652 c.
651 3592 701 3651 17.
721 3588 810 3650 offert
829 3589 928 3650 locum
946 3609 964 3650 e
985 3588 1153 3650 Scholiasta
1174 3609 1229 3651 sno
1248 3590 1312 3651 ine·

205 3687 280 3748 dito.
322 3689 430 3757 Qurse‘
422 3709 454 3749 ιιι
479 3688 551 3750 edd.
566 3688 659 3750 Basil.
681 3688 787 3753 addita
808 3698 1026 3751 suntveterum
1041 3685 1312 3748 Grammaticorum

205 3785 340 3861 Scholia,
364 3806 402 3848 ea
422 3797 495 3849 sunt
505 3798 649 3893 excerpta
661 3799 693 3848 et
702 3787 831 3848 collecta
844 3807 862 3848 e
877 3786 960 3848 libris
974 3785 1239 3846 Grammaticorum
1262 3803 1313 3845 su·

207 3884 374 3963 perstitnm.

699 4035 831 4098 Codices.

224 4224 228 4229 ,
251 4163 380 4254 Codices
390 4163 462 4233 Mati
474 4163 631 4228 Horatiani
642 4186 703 4228 non
718 4177 781 4231 tarn
792 4166 929 4246 insignes
940 4162 1100 4245 quidemst
1113 4162 1186 4224 clari
1199 4169 1313 4233 extant,
1358 4182 1360 4186 ¹

230 4329 257 4378 '1
277 4328 339 4379 ricta
350 4326 423 4378 Ernd.
435 4331 508 4380 tuat.
519 4344 574 4394 pag.
587 4331 643 4380 262.
