3025 4934
113 400 117 404 ’
238 400 326 474 4984
559 412 756 469 anoussus
782 408 1009 467 >nutritorium

241 612 249 621 ·
279 574 362 639 1539
384 572 486 660 Opera
505 574 617 650 omnia,
640 586 709 636 cum
733 572 813 635 notis
827 552 927 637 Niooi.
940 569 1065 648 Perotti,
1086 589 1141 652 per
1160 569 1236 634 Sim.
1249 570 1334 635 Coti.

239 692 349 781 uoenm.
363 672 459 741 Parra
475 675 505 736 8
582 726 588 731 .
1329 724 1331 729 .

239 810 244 817 ·
278 809 320 824 -·
340 774 515 855 Opera,per'
538 772 662 834 Robert.
686 770 883 851 Stephanum.
899 771 994 833 Paris.
1009 773 1038 831 8
1062 769 1264 883 Juntinum
1234 788 1334 830 exem·

238 873 342 983 plum
334 873 467 934 imitatus
482 891 549 932 esse
561 870 688 932 videtur.

277 1004 320 1023 »ψ
339 969 480 1033 Glareani
509 979 657 1031 annotatt.
686 968 717 1029 in
752 968 795 1037 Q.
822 966 981 1029 Horatium
1011 965 1164 1027 Flaccum.
1194 963 1330 1045 Friburg.

238 1067 336 1149 Brisg.
352 1071 381 1132 8.

239 1210 255 1221 ..
277 1196 319 1217 »-
338 1165 446 1227 Jodooi
460 1164 602 1226 Wiliichii
625 1176 785 1227 comment
799 1165 830 1226 in
844 1166 946 1227 Artem
960 1162 1107 1245 poiticam
1128 1161 1255 1225 Horatii.
1275 1161 1333 1225 Ar·

237 1274 319 1371 gent.
334 1266 363 1326 8.
1319 1274 1322 1283 ·

239 1412 245 1423 .
274 1396 318 1413 «-
337 1360 423 1425 Paul.
452 1352 637 1424 flotheimeri
663 1361 837 1423 Harmoniae
864 1361 1002 1442 poiiticoe,
1026 1360 1090 1421 sive
1115 1359 1237 1421 Horatii
1256 1357 1330 1420 alio·

234 1478 358 1541 rumque
372 1462 531 1522 Poiitarnm
545 1460 633 1533 Odm,
648 1460 881 1522 musicismetris
895 1478 1055 1542 expressae.
1045 1458 1203 1521 .Νοιίιιιιι.
1212 1461 1277 1520 8.

280 1562 358 1620 1540
378 1558 523 1620 Poe'mata
535 1560 646 1632 omnia,
658 1579 725 1620 cum
753 1558 884 1639 quinque
899 1559 1180 1628 commutantibus,
1193 1555 1330 1619 Aiancim

235 1662 364 1728 Acrone,
378 1643 524 1740 Porphyr.
537 1658 588 1720 Jo.
601 1657 786 1730 Britannico,
808 1675 866 1717 neo
889 1675 950 1718 nou
965 1657 1123 1729 Anconam,
1138 1656 1208 1716 viris
1229 1654 1329 1715 erudi·

235 1755 369 1818 tissimis.
411 1757 625 1818 centimetrum
654 1755 742 1816 Marii
771 1756 876 1819 Servii.
916 1756 1136 1818 Annotatione‘s
1161 1754 1232 1815 Aidi
1261 1754 1331 1814 Ma·

234 1848 321 1927 nutii,
335 1854 423 1916 Rom.
446 1855 536 1916 Ratio
562 1873 728 1925 mensuum,
744 1854 852 1934 quibus
876 1853 955 1916 Odae
978 1853 1084 1915 eodem
1098 1853 1178 1914 Aldo
1199 1862 1328 1913 auctore

234 1954 384 2013 tenentur.
405 1950 474 2014 Nic.
490 1951 602 2014 Perotti
626 1952 745 2014 libellus
761 1953 799 2014 de
822 1954 926 2033 metris
942 1947 1088 2014 Odarrtm.
1108 1952 1328 2012 Annotatioues

235 2048 372 2110 Matthmi
386 2049 530 2123 Bonfinis,
545 2049 700 2125 Asculani,
725 2052 788 2112 suis
809 2053 885 2113 locis
909 2052 1040 2122 insertor,
1064 2061 1096 2112 et
1116 2049 1155 2109 a‘d
1170 2051 1267 2112 'finem
1289 2062 1328 2111 ex

106 2172 110 2181 ⁴
233 2145 351 2227 integro
378 2148 535 2210 restitutio.
578 2148 672 2210 Index
701 2149 925 2231 copiosissimus
949 2149 1081 2211 omnium
1104 2148 1328 2219 vocabulorum,

230 2265 302 2325 qum
315 2247 345 2304 in
360 2257 424 2308 toto
437 2267 526 2331 opere
546 2247 802 2310 animadversione
822 2247 917 2331 digua
930 2249 996 2308 sisa
1009 2257 1100 2310 sont:
1122 2266 1175 2329 per
1188 2245 1328 2308 Venturi·

230 2362 301 2404 num
318 2344 508 2406 Rofinellum.
524 2346 629 2407 Mense
645 2346 767 2409 Martio.
778 2348 886 2410 Venet.
900 2346 953 2409 fol.

270 2475 313 2487 —
331 2442 443 2506 Anton.
457 2443 599 2526 Thylesii,
614 2445 783 2508 Consent.
775 2467 805 2506 ιιι
821 2446 917 2509 Odas
921 2445 1065 2527 auspicia,
1080 2442 1119 2506 ad
1140 2443 1325 2525 juventutem

231 2536 408 2604 Romanam.
421 2542 455 2603 S.
468 2543 492 2605 l.
504 2548 536 2606 4.

269 2669 312 2683 ·-
331 2637 417 2700 Liber
430 2640 469 2701 de
480 2641 555 2702 Arte
568 2638 696 2722 poitica.
718 2644 764 2704 Ex
785 2644 865 2705 offic.
881 2642 975 2704 Mich.
990 2598 1168 2702 Vascosani.
1182 2639 1279 2703 Paris.
1293 2642 1324 2699 4.

233 2782 238 2789 .
270 2766 310 2779 -
330 2734 476 2798 Poe‘mata
489 2740 600 2811 omnia,
621 2738 803 2801 doctissimis
818 2739 947 2802 Schoiiis
961 2739 1120 2812 illustrata,
1143 2759 1196 2822 per
1210 2743 1323 2800 Antoo.

229 2829 359 2895 Dummi.
373 2832 465 2896 Anto.
480 2837 511 2897 8.

267 2963 309 2974 —
329 2929 425 3011 Epist.
439 2933 503 2995 Sat.
517 2944 549 2994 et
560 2938 619 2997 Ars
634 2938 713 3019 poiit.
728 2955 796 2996 cum
811 2937 970 2997 Auuotatt.
984 2936 1075 2996 Anto.
1091 2937 1120 2996 8.
1190 2988 1192 2992 .

266 3061 308 3074 -
328 3026 440 3108 Opera,
455 3033 647 3112 pei-Ventus.
662 3034 806 3095 Roffinel.
829 3035 938 3096 Venet.
955 3037 986 3094 8.

266 3159 308 3171 —
327 3125 469 3190 Glareaui
483 3152 512 3192 v.
528 3132 608 3194 Frib.
625 3135 654 3195 8.
951 3153 955 3160 ·

266 3257 308 3269 —
326 3224 471 3289 Poimsta
495 3229 603 3291 omnia.
633 3226 764 3291 Scholiis
784 3227 970 3290 doctissimis,
987 3227 1148 3305 illustrata,
1156 3227 1237 3311 apud
1251 3226 1325 3290 Seb.

226 3318 404 3405 Gryphium.
418 3325 517 3408 Lugd.
532 3332 561 3390 8.
581 3319 585 3326 ’
667 3374 670 3384 .

263 3453 306 3468 ω·
325 3420 434 3502 Opera,
445 3444 513 3485 oum
528 3424 666 3487 Scholiis.
680 3426 772 3488 Antv.
788 3428 836 3489 12.

242 3528 245 3537 ¹
265 3551 307 3563 -
327 3519 429 3598 Opera
449 3523 560 3585 omnia.
582 3526 663 3584 Cura
677 3523 802 3585 Perotti.
816 3524 876 3604 Ap.
891 3521 1005 3589 Simon.
1026 3522 1205 3584 Colinoeum.
1226 3522 1322 3585 Paris.

227 3615 275 3676 16.

227 3750 230 3757 .
267 3715 342 3775 1541
366 3715 424 3777 Ars
438 3715 567 3797 poium,
581 3736 649 3778 cum
660 3718 858 3799 explicatione
875 3718 1032 3798 Pomponii
1046 3717 1179 3780 Gaurici.
1191 3719 1320 3782 RomA.

263 3846 305 3857 -
324 3812 382 3871 Ars
396 3814 525 3892 poitica,
538 3835 592 3896 per
607 3816 785 3897 Chappelet.
800 3817 894 3878 Paris.
909 3821 942 3878 4.
986 3870 988 3873 .
1313 3806 1329 3875 f

140 3970 142 3979 ,
261 3942 304 3955 —
324 3908 441 3972 Comm.
456 3910 486 3970 in
499 3931 524 3971 1.
546 3924 580 3972 et
600 3933 642 3975 11.
666 3912 947 3995 Horatiisatyr'am,
967 3924 1090 3973 auctore
1109 3912 1172 3975 Jul.
1196 3914 1319 3977 Aurelio

127 4051 137 4067 .
224 4001 405 4079 Haurechio,
434 4006 652 4089 Lessigoiensir
673 4011 802 4083 accessit
826 4011 1169 4095 ejusdemParaphrasis
1192 4012 1223 4074 in
1250 4035 1319 4077 eas.

170 4138 172 4153 ι
221 4101 301 4177 dem,
314 4121 368 4182 per
380 4101 452 4165 Aut.
467 4104 617 4188 Goyoum.
632 4109 732 4189 Anto.
740 4113 771 4171 8.

146 4278 149 4283 Ι
261 4234 303 4245 -
321 4199 466 4263 Po'e'mata
488 4205 601 4278 omnia,
614 4206 800 4292 doctissimis
826 4205 956 4270 Scholiis
970 4207 1130 4284 illustrata,
1156 4212 1237 4293 apud
1266 4215 1316 4276 ιο.

223 4294 396 4358 Hilieoium.
411 4299 502 4361 Autv.
517 4305 546 4360 8.
