3025 4934
528 411 563 472 oa
592 409 749 460 rrossrrr
778 410 922 461 rancor.
1185 395 1273 465 1988

190 636 194 644 p
229 563 307 624 1771
327 563 383 632 Ars
407 563 526 644 poetica
536 564 652 627 Gallice
664 586 740 628 vars.
755 575 786 628 ct
805 565 955 628 illustrata
967 586 986 628 a
1000 565 1155 630 Battensio
1167 567 1199 628 io
1209 567 1273 629 col·
1326 629 1328 634 ,

180 662 307 722 lectione
319 681 327 721 ε
350 662 406 723 Les
415 674 519 744 quatre
541 661 697 745 poetiques
718 663 891 738 d'Aristote‚
903 663 1064 740 d’Horace,
1077 665 1116 727 de
1130 664 1219 739 Vidn,
1233 664 1273 726 de

141 853 146 860 ι
183 757 369 841 1188888888,
395 780 468 823 avec
492 761 536 822 les
559 760 745 825 traductione
770 772 801 824 st
832 761 886 826 188
911 781 1094 845 remarques.
1117 763 1215 827 Paris.
1242 765 1273 825 8.

180 857 511 1018 1110117716888881888
525 976 566 1019 ιι.
582 959 716 1039 repetitio
730 957 780 1020 sd.
798 961 886 1022 1752.
901 959 983 1040 Lips.
998 962 1027 1021 8.
1041 959 1110 1041 maj.

221 1049 264 1099 -’
283 1054 360 1136 Epp.
381 1054 420 1114 ad
445 1054 570 1117 Pisones
584 1066 616 1117 st
636 1055 677 1117 ad
691 1057 772 1137 Aug.
796 1057 911 1133 Latine,
932 1057 965 1117 in
988 1075 1095 1120 comm.
1119 1057 1159 1118 ll.
1173 1055 1272 1129 Hurd,

183 1152 283 1309 gagii,
304 1172 322 1212 a
344 1151 375 1214 J.
393 1149 424 1215 J.
440 1152 663 1234 Eschenburgio
686 1155 789 1218 Germ.
812 1174 911 1216 serso.
933 1155 1012 1235 lips.
1038 1157 1071 1217 8.
1102 1155 1152 1218 Cf.
1179 1173 1274 1216 seras.

215 1270 285 1311 erm.

226 1350 303 1408 1774
324 1367 342 1408 8
364 1349 470 1411 Franc.
495 1349 679 1431 Dorigbello,
704 1347 1073 1423 Ρ8188188,’111881ι8188;
1102 1348 1175 1410 tomi
1199 1358 1274 1411 tres.

182 1444 307 1520 Patavii,
321 1465 358 1507 ex
376 1447 581 1529 typographeo
591 1447 756 1509 Seminarii.
773 1450 802 1508 8.
816 1447 886 1527 maj.
900 1448 1013 1510 ‘lextus
1022 1463 1106 1529 reque
1120 1457 1154 1507 81
1164 1466 1273 1509 comm.

182 1539 346 1623 Dorigbelli
359 1553 440 1606 totus
455 1554 532 1609 8818
547 1545 710 1608 Sanadono
723 1564 898 1627 expressus.

221 1674 263 1688 -
284 1640 608 1723 Opera.Norimb.12.
1276 1707 1279 1712 .

224 1740 304 1799 1775
325 1741 373 1800 Jo.
388 1739 497 1802 Bernb.
512 1740 651 1803 Basedov
661 1740 1144 1824 Encyclopmdiaphilanthropica
1156 1737 1272 1800 Horatii

182 1836 294 1898 Flacci.
310 1838 389 1920 Lips.
405 1841 434 1898 8.
451 1837 579 1900 Inutilis.

226 1937 303 1996 1776
323 1956 388 2017 sqq.
415 1936 519 1998 Latine
532 1956 561 2001 c.
575 1957 653 2000 vers.
667 1936 770 1999 Germ‘.
794 1946 825 1998 et
845 1936 925 1998 notis
945 1936 1013 1999 Jao.
1031 1937 1112 1999 Frid.
1126 1933 1273 1997 Schmidt

180 2032 303 2108 Gotho,
319 2036 337 2095 3
352 2045 426 2096 tom.
441 2038 470 2096 8.
492 2034 600 2097 Melior
613 2054 683 2096 vero
697 2035 802 2096 Latine
815 2035 923 2118 legitur
937 2035 1091 2098 Horatius.

225 2163 264 2176 -
286 2131 428 2195 Horatius
440 2132 479 2193 ds
494 2143 557 2195 arte
568 2134 703 2214 politica:
724 2144 918 2196 accesserunt
932 2134 992 2195 alia
1004 2133 1145 2215 qnoedam
1156 2131 1273 2193 Horatii

180 2229 325 2304 carmina,
332 2239 364 2291 et
376 2229 471 2292 818818
482 2231 614 2293 locorum
625 2230 823 2294 difficiliorum
834 2232 1106 2314 interpretationem
1116 2230 1275 2311 adjuvans.

183 2326 347 2390 11818818.
651 2381 654 2384 .

226 2426 304 2484 1777
325 2423 357 2485 1.
371 2424 406 2486 F.
421 2423 530 2504 Engeri
543 2443 649 2491 comm.
663 2425 694 2485 in
709 2426 822 2488 8818818
833 2426 951 2489 Horatii
964 2426 1041 2488 loca
1053 2424 1175 2486 Vratisl.
1192 2424 1241 2485 12.

223 2519 351 2605 —ss-cu'rn
377 2531 493 2584 annott.
518 2521 644 2583 Gallicis
668 2522 746 2584 Lod.
761 2523 918 2585 Poinsinet
944 2524 983 2585 18
1007 2523 1103 2604 Sisry.
1126 2521 1211 2584 Tomi
1232 2538 1274 2581 ιι.

182 2620 279 2682 Paris.
295 2619 481 2681 8.-Sirrius
496 2638 564 2681 cam
579 2621 652 2681 satis
666 2622 778 2683 multas
793 2621 962 2685 criticorum
984 2617 1125 2683 emendd.
1147 2620 1177 2679 in
1201 2637 1275 2681 oon·

181 2727 295 2779 textum
321 2717 445 2798 recepit,
465 2727 529 2778 tum
552 2718 617 2800 ipse
644 2718 778 2801 inprimis
806 2720 837 2780 in
866 2719 1109 2782 distractionibus
1135 2715 1274 2799 quaedam

181 2816 311 2890 novarit,
338 2823 428 2895 ‘que
449 2819 570 2891 vereor,'
599 2817 698 2898 inquit
719 2817 839 2893 188188,
866 2826 922 2879 ‘ut
942 2818 1044 2880 omnia
1065 2817 1184 2899 probari
1204 2813 1275 2882 sitia

179 2914 278 2976 doctis
292 2913 430 2997 possint!
469 2914 530 2974 ‘ln
558 2913 823 2991 adnotationrlrus,’
842 2918 1019 2979 observante
1041 2916 1146 2988 lanio,
1176 2911 1276 2973 ‘idei

181 3013 238 3074 luit
251 3012 367 3073 consilii
381 3012 575 3093 propositum,
586 3023 621 3073 ut
634 3013 792 3075 Horatium
804 3034 824 3076 8
838 3012 994 3077 dissolutas
1007 3014 1138 3075 lascivire
1152 3009 1275 3074 crimine

182 3109 329 3184 liberaret,
358 3120 389 3171 et
411 3110 592 3184 ostenderet,
612 3112 712 3172 omnia
733 3112 866 3174 carmina
879 3112 1030 3174 luxuriosa
1043 3121 1075 3173 et
1099 3106 1277 3190 voluptaria,

183 3229 252 3289 quae
266 3210 296 3269 in
310 3196 392 3269 'illius
412 3209 550 3290 operibns
576 3220 656 3282 sunt,
672 3209 746 3269 nihil
768 3229 836 3270 csse
851 3210 908 3270 nisi
929 3210 1080 3271 versiones
1101 3207 1276 3268 Graecorum

183 3308 346 3368 carminum
360 3305 523 3379 Alcmanis,
537 3307 711 3379 Stesichori,
723 3307 828 3379 Alcrei,
841 3307 975 3369 8118888.
1017 3306 1111 3385 Cujus
1127 3299 1276 3382 opinionis

183 3406 278 3485 gratia
291 3403 442 3485 plerasque
463 3403 672 3465 adnotationes
687 3406 808 3486 scriptae
822 3414 903 3476 sunt,
926 3403 967 3464 ad
990 3402 1130 3480 illamque
1144 3397 1279 3459 referan-
1317 3473 1322 3485 Ι

182 3512 248 3573 tum
268 3502 402 3583 reliqaae,
416 3520 476 3562 non
493 3499 595 3561 multae
609 3498 782 3575 admodum,
804 3500 955 3581 portinent
966 3498 1016 3562 881
1034 3496 1074 3560 81
1088 3493 1278 3560 defendenda

180 3618 230 3674 88,
243 3620 311 3681 quse
320 3598 440 3661 novavit
449 3597 704 3671 virdoctissimus,
717 3598 767 3660 vel
778 3596 817 3659 ad
828 3596 1078 3680 comparationem
1089 3595 1274 3666 Graecorum,

182 3698 245 3759 iere
258 3698 380 3779 petitam
393 3716 410 3756 8
424 3694 562 3768 Daeerio,
586 3695 633 3757 vel
658 3695 787 3777 denique
811 3695 849 3758 81
864 3697 952 3758 aliam
972 3696 1044 3758 Viro
1066 3696 1115 3756 cl.
1127 3692 1279 3777 propriam

184 3794 366 3876 opinionem,
385 3813 448 3875 qua
470 3794 592 3864 nomina
618 3812 708 3876 quam
732 3794 871 3876 plurima,
893 3795 1025 3877 inprimis
1052 3791 1172 3864 Graeca,
1197 3788 1280 3873 8881

185 3892 343 3953 Horatium
356 3891 453 3965 obvia,
475 3912 543 3972 quas
556 3893 616 3955 huc
630 3912 726 3975 usque
739 3911 794 3976 pro
808 3894 934 3977 propriis
959 3892 1063 3953 habita
1077 3898 1161 3962 sunt,
1174 3886 1279 3969 appel-

185 3988 277 4050 latito
288 4008 356 4050 esse
367 3998 480 4063 censet,
495 4009 512 4050 8
526 3989 634 4056 Graes
648 4012 787 4056 sermone
800 3993 838 4053 ab
850 3990 975 4054 Horatio
990 3986 1159 4069 simpliciter
1173 3985 1279 4047 Latina

183 4089 280 4150 lacta:
301 4086 385 4149 velut
400 4085 514 4148 Sestias
527 4090 554 4149 ei
575 4101 623 4150 est
636 4108 690 4171 pro
704 4092 825 4153 8888188
836 4093 866 4168 (8
878 4088 931 4150 Gr.
945 4086 1058 4163 18888)
1072 4083 1212 4148 marolis
1223 4098 1277 4162 pro

173 4190 316 4268 jamnon,
332 4185 421 4245 Petlr’
435 4202 490 4264 pro
503 4185 683 4259 latrunculi,
698 4187 813 4257 renol,'
828 4191 886 4247 888.

183 4309 188 4324 ·
229 4285 306 4350 1778
328 4280 417 4354 1111.
435 4282 579 4365 808818
599 4284 915 4356 ressuscitaturus
934 4279 1073 4346 lectionis
1092 4280 1277 4356 eaperpetua
