3025 4934
209 388 298 457 Μ
529 398 727 452 ascensus
752 396 969 450 nnrrrosurr

210 559 300 622 aiensi
317 558 405 639 Eloq.
421 556 502 619 Prol.
517 562 536 617 2
551 557 623 618 roll.
637 557 719 639 apud
732 558 839 617 iratres
853 556 984 616 Barbo'u.
997 553 1093 614 Paris.
1109 556 1140 614 8.
1163 553 1192 611 ls
1208 511 1305 612 Hora·

209 660 283 719 tium
295 669 326 717 et
346 657 385 717 ad
400 655 500 718 codd.
515 657 592 717 Mas.
615 655 706 716 fidem
720 667 751 716 et
764 655 866 715 multis
879 654 954 715 locis
976 675 1013 714 ex
1035 651 1156 733 ingenio
1169 651 1307 722 correxit,

210 756 314 837 majori
341 748 521 836 amogantia,
548 776 638 836 quam
664 755 821 822 doctrina;
842 755 914 815 binc
942 751 1069 813 subinde
1097 751 1263 829 castigatur
1290 768 1310 808 a

212 854 385 915 Sanadono.

255 955 330 1012 1721
355 952 547 1032 Cuningamii
571 972 596 1012 1.
631 951 786 1025 Poematn,
807 972 844 1011 ex
877 950 1008 1031 antiquis
1033 947 1133 1009 Codd.
1161 957 1193 1008 et
1217 945 1308 1007 certis
1412 924 1432 939 ⁴

214 1051 342 1112 Observ.
366 1051 546 1123 emendavit,
566 1051 723 1131 variasqpe
748 1051 925 1132 scriptorum
947 1060 979 1109 et
1001 1050 1212 1129 impressorum
1235 1045 1312 1135 Lec-

213 1149 312 1209 tiones
334 1149 445 1229 adjecit
466 1150 553 1209 Alex.
569 1149 798 1230 Cuningnmius.
842 1149 940 1228 Hagre
954 1148 1041 1206 Com.
1057 1145 1138 1227 apud
1163 1145 1220 1204 lb.
1235 1143 1312 1203 Jan·

217 1265 284 1307 son.
301 1248 330 1306 8.
948 1322 952 1325 ¹

254 1379 296 1390 -
315 1344 421 1424 Ejusd.
435 1346 717 1407 Animadversiones
729 1348 759 1406 in
771 1346 859 1405 Rich.
876 1345 1003 1405 Bentleii
1016 1353 1116 1416 notas,
1128 1352 1159 1403 et
1170 1340 1313 1403 emenda·

215 1442 312 1503 tiones
327 1443 366 1502 ad
380 1442 420 1512 Q.
434 1445 476 1504 Η.
492 1445 526 1504 F.
542 1445 639 1525 Hagae
662 1446 748 1504 Com.
776 1442 857 1523 apud
881 1444 937 1503 Th.
962 1443 1090 1502 Janson.
1106 1444 1137 1502 8.

258 1541 474 1620 Cuningamius
487 1542 536 1602 ed.
558 1563 643 1604 suam
661 1541 888 1622 quadringentis
912 1541 981 1621 plus
994 1542 1068 1600 locis
1082 1537 1315 1600 emendatiorem

217 1636 394 1700 Bentleiana
407 1640 571 1702 adornasse
586 1662 619 1702 se
633 1641 778 1710 affirmat3
801 1648 898 1700 certas
910 1658 986 1718 quas
1011 1638 1086 1699 dicit
1099 1639 1256 1698 cosmati.
1272 1636 1318 1695 in·

215 1737 318 1817 primis
332 1758 370 1797 ex
385 1738 464 1798 Cod.
489 1739 649 1799 Blandinio
673 1738 881 1817 antiquissimo
907 1739 1030 1817 Cruquii
1054 1748 1085 1796 et
1106 1736 1205 1796 Pierio
1228 1735 1318 1793 Vale·

217 1836 313 1908 riano,
328 1836 382 1895 sibi
405 1837 585 1898 informavit.
628 1838 772 1906 Quamvis
798 1846 896 1897 autern
919 1835 990 1896 odio
1005 1835 1134 1896 Bentleii
1158 1833 1197 1894 ad
1213 1850 1318 1912 super·

217 1933 297 1992 biam
309 1935 432 1993 vertisse
445 1935 591 2008 videatur,
605 1935 830 1996 emendationes
841 1946 941 1994 tamen
953 1935 1017 2013 ejus
1030 1945 1192 1994 censentur
1206 1931 1320 1992 doctis-

220 2031 304 2090 simoe
319 2050 386 2091 esse
399 2044 430 2091 et
452 2033 712 2113 ingeniosissimis,
737 2055 831 2114 soepe,
846 2046 880 2092 ut
903 2033 942 2093 el.
956 2034 1027 2092 lani
1049 2032 1208 2102 existimat,
1232 2031 1257 2089 si
1280 2029 1320 2088 ad

218 2128 303 2207 leges
318 2130 389 2189 artis
412 2130 523 2192 criticae
538 2134 738 2205 excutiantur,
750 2151 806 2211 pro
827 2133 915 2192 unice
928 2132 1004 2190 reris
1019 2131 1197 2190 lectionibus
1208 2130 1321 2188 haben-

221 2224 281 2286 dae.
325 2227 423 2287 Etiam
437 2229 503 2308 ejus
524 2230 651 2291 audacia
671 2230 791 2291 videtur
814 2229 927 2300 melior,
954 2249 1044 2308 quarn
1059 2228 1183 2288 aliorum
1198 2227 1322 2285 indocta

221 2323 389 2394 modestia;
410 2327 492 2388 unda
515 2329 613 2410 ipsum
626 2349 719 2389 unum
731 2330 875 2400 omnium,
890 2329 941 2406 qui
964 2329 994 2387 in
1020 2327 1175 2386 Horatium
1192 2325 1321 2404 scripse·

220 2434 301 2494 runt,
315 2424 483 2486 criticorum
503 2427 677 2507 principem,
701 2428 818 2508 ipsique
833 2427 969 2487 Bentleio
997 2425 1323 2504 anteferendumpro·

223 2523 359 2583 nuntiare
372 2523 454 2584 haud
466 2527 583 2586 dubitat
596 2527 678 2587 Jani.
1181 2518 1191 2526 ’

263 2657 305 2666 -
326 2623 517 2703 Cuningamii
534 2646 572 2685 11.
598 2626 754 2697 Poemata,
781 2646 849 2686 cum
878 2623 1136 2684 observationibus
1160 2621 1271 2682 criticis
1293 2632 1326 2679 et

222 2716 409 2778 variantibus
429 2723 608 2782 lectionibus
636 2724 722 2781 Alex.
738 2724 937 2802 Cuningamii‚
964 2742 1026 2781 una
1050 2742 1116 2782 cum
1140 2717 1327 2780 animadver-

224 2814 360 2874 sionibus
376 2816 474 2895 ejusd.
490 2818 518 2876 in
545 2819 633 2893 Rich.
649 2819 778 2880 Bentleii
792 2833 880 2881 notas
903 2831 933 2879 et
957 2820 1182 2880 emendationes
1199 2817 1238 2876 ad
1261 2817 1325 2878 Ho-

223 2912 341 2974 ratium.
368 2914 492 2973 Londin.
517 2917 597 3007 apud
621 2917 754 2978 Vaillant
776 2920 957 2980 etPrevost.
974 2923 1003 2980 8.
1039 2919 1073 2977 lu
1096 2918 1154 2978 bac
1168 2915 1217 2977 etl.
1241 2917 1324 2975 obss.

227 3010 339 3070 criticae
351 3013 445 3072 textui
457 3014 601 3093 subjectae.
617 3016 775 3077 accedunt.

267 3143 308 3152 -
328 3128 395 3169 eum
411 3113 490 3171 notis
504 3112 523 3171 J
527 3116 650 3174 urencii.
666 3118 685 3173 2
700 3118 782 3192 tomi.
797 3116 893 3176 Paris.
910 3121 940 3176 8.

265 3241 307 3250 —
328 3206 438 3286 Opera,
453 3211 556 3271 aeced.
573 3212 667 3273 lndex
679 3214 856 3273 variantium
866 3215 1039 3274 Lectionum
1051 3212 1221 3292 insignioris
1234 3220 1325 3283 notae,

226 3323 295 3382 quse
305 3306 416 3385 passim
431 3308 461 3366 in
478 3310 555 3370 Mss.
570 3320 741 3371 occurrunt.
759 3309 895 3383 Dublini,
912 3332 964 3391 per
979 3308 1117 3370 Grieson.
1136 3315 1182 3369 la.

268 3439 309 3448 -
331 3405 364 3462 ln
380 3425 461 3485 corp.
473 3409 566 3486 poelt.
580 3409 675 3469 Latin.
691 3429 738 3488 ap.
756 3410 796 3468 Is.
812 3409 955 3470 Vaillant.
972 3410 1097 3469 Londin.
1111 3409 1164 3469 fol.

271 3502 349 3559 1723
371 3502 432 3561 Jer.
448 3504 636 3566 Marelilandi
651 3507 788 3586 Epistola
802 3508 905 3568 critica
916 3508 955 3568 ad
970 3508 1202 3567 eruditissimum
1219 3506 1326 3577 virum,

229 3596 422 3657 Franciscum
435 3600 525 3670 flare.
539 3603 645 3682 inqua
660 3606 778 3666 Horatii
801 3607 869 3666 loca
883 3606 996 3684 aliquot
1010 3617 1041 3665 et
1055 3605 1178 3664 aliorum
1194 3616 1327 3664 veterum

229 3694 435 3755 emendantur.
465 3699 556 3779 Typis
581 3702 781 3765 Academicis.
808 3705 953 3763 Cantabr.
969 3702 1249 3782 4.—Lab0r·h'ujus
1274 3701 1328 3761 viri
1376 3777 1379 3782 ι

228 3794 333 3853 merito
347 3794 494 3856 laudatur.
511 3798 579 3859 Vid.
596 3801 663 3862 Act.
680 3803 766 3867 erud.
782 3802 863 3879 Lips.
878 3800 916 3858 dc
931 3821 980 3860 an.
999 3802 1091 3861 1726.
1107 3821 1136 3880 p.
1152 3803 1224 3860 458.
1238 3834 1242 3841 Δ

269 3926 309 3937 -
330 3912 398 3952 cum
413 3894 490 3954 notis
505 3897 647 3958 Junekeri
662 3909 693 3957 et
708 3897 845 3957 Minellii.
862 3898 942 3976 Lips.
963 3900 1009 3957 la.
1058 3914 1072 3941 .-

273 3991 352 4049 1724
374 3992 412 4060 Q.
429 3992 544 4053 Horatii
570 3995 670 4055 Flacci
692 3994 854 4066 Poimatas
871 3995 1066 4068 mit‘Heinsii,
1091 3995 1246 4075 Rappolti,
1260 3996 1329 4053 ·Da-

230 4087 319 4159 elerii,
349 4088 505 4162 Massonii,
533 4092 697 4162 Tartaroni,
735 4091 771 4150 P.
801 4091 894 4152 Coste
919 4095 1138 4166 auserlesenen‚
1166 4093 1221 4152 wie
1249 4092 1325 4152 auch

230 4184 332 4244 seinen
347 4185 473 4265 eigenen
487 4187 756 4268 Philosophischen
772 4190 835 4249 und
853 4191 1059 4251 Historischen
1073 4191 1327 4269 llnmerkungen,

230 4300 290 4342 von
305 4282 421 4362 Caspai
435 4284 641 4363 Gottschling.
656 4285 758 4361 Halle,
773 4291 802 4349 ds
906 4330 908 4334 -
926 4298 927 4305 ’

275 4381 352 4438 1775
375 4380 509 4459 deroga,
520 4401 588 4443 cum
599 4384 718 4445 scholiis
733 4387 883 4467 perpetuis
898 4397 959 4448 tam
968 4387 1116 4447 veteribus
1131 4407 1221 4465 quum
1234 4385 1339 4463 novis,-
