3025 4934
275 397 433 450 oonrons
457 397 498 447 ιιι
518 395 716 447 uruurors.
739 394 867 447 narra.
893 397 1113 450 assnavarr.
1156 384 1244 452 2625

138 556 243 624 variis
257 555 361 641 gloss.
381 555 415 621 el
437 552 531 619 notis
550 552 799 637 marginalibus
837 551 923 618 Cod.
951 551 1140 623 Membran
1157 551 1244 621 'saeoss

140 673 223 728 ΧΠ.

181 764 238 830 95
257 760 451 830 Commeat.
476 763 510 828 io
536 760 660 828 Libros
689 760 841 828 Odarum
865 759 1012 829 Horatii
1036 703 1121 829 Codt
1139 762 1245 844 Char,

141 876 208 935 tac.
222 868 330 933 illum.
345 887 427 934 saec.
444 884 512 934 xv,

162 972 236 1038 .’.26
260 970 401 1038 Horatii
416 969 569 1038 Odarum
584 969 700 1047 Liber,
712 967 789 1036 cod.
803 913 988 1041 membran.
1007 970 1151 1036 charact.
1165 971 1246 1036 Ital.

138 1092 326 1144 saec.x1v.
349 1076 403 1143 rel
426 1091 495 1142 xv.
519 1074 660 1146 illumin.
682 1073 820 1160 pulchre
842 1074 1001 1158 scriptus,
1028 1094 1104 1141 cnm
1126 1075 1246 1159 paucis

139 1183 260 1248 notis..

140 1331 145 1338 ·
180 1286 235 1353 27.
261 1285 402 1356 Horatii
424 1285 615 1351 Sermones.
637 1282 713 1350 cod.
737 1282 844 1348 chart.
862 1301 943 1349 saec.
968 1298 1050 1348 xrv.
1070 1302 1145 1349 cum
1161 1303 1246 1368 pau·

138 1393 188 1457 cis
199 1389 408 1476 quibasdam
426 1389 555 1455 notatis
570 1389 605 1453 in
620 1388 782 1471 margine.

179 1495 235 1562 28.
260 1494 366 1560 Liber
388 1494 586 1560 Sermonum
612 1492 762 1571 Horatii,
786 1493 840 1557 cni
866 1492 1052 1578 praemissae
1071 1490 1246 1557 luvenalis

137 1605 170 1666 et
184 1597 301 1664 Persii
316 1598 449 1666 Satirse.
464 1597 551 1664 Cod.
566 1597 749 1664 membran
770 1595 878 1662 nitide
893 1597 1054 1680 scriptus,
1070 1616 1145 1663 cum
1160 1594 1247 1660 mul·

137 1703 182 1769 tis
197 1704 488 1781 annotationibus,
502 1721 585 1768 saec.
602 1717 668 1765 xv.

136 1806 236 1873 ·.29
261 1807 400 1876 Horatii
421 1806 487 1873 Ars
511 1806 667 1887 Publica,
692 1813 727 1871 et
752 1803 931 1890 Epistola.
959 1802 1043 1870 Cod.
1068 1803 1248 1930 membran

139 1930 218 1980 saec.
234 1927 321 1975 xrv

436 2134 564 2203 Codices
578 2136 613 2202 r'rr
628 2134 739 2200 Museo
758 2133 956 2202 Britannico.

185 2324 314 2390 Codices
326 2323 426 2390 Harl.
442 2347 464 2392 a
479 2325 604 2393 Carolo
615 2326 757 2404 Combe,
773 2327 808 2392 in
818 2327 965 2392 editione
974 2325 1124 2409 Operum
1137 2324 1250 2390 Hora·

137 2431 191 2508 tii,
206 2428 318 2494 Lond.
333 2430 432 2494 1799.
445 2431 631 2495 memorati.
666 2428 710 2493 A.
721 2430 821 2494 2755.
834 2448 916 2493 saec.
930 2444 971 2491 x.
992 2419 1047 2493 B.
1057 2428 1155 2494 3534.
1169 2448 1250 2494 saec.

141 2550 215 2616 xu.
265 2531 304 2599 C.
319 2531 417 2598 2724.
438 2552 519 2599 saec.
546 2549 634 2596 xrrr.
679 2531 725 2597 D.
746 2532 846 2598 3754.
870 2552 951 2598 suec.
977 2549 1042 2597 xv.
1088 2533 1129 2598 Ε.
1153 2531 1251 2598 2609.

140 2656 223 2703 saec.
241 2652 308 2700 xv.
354 2634 394 2699 F.
408 2629 507 2701 ’4862
522 2655 603 2702 saec.
620 2652 688 2701 xv.
731 2635 777 2701 G.
792 2635 891 2700 2621.
906 2656 985 2703 saec.
1000 2654 1087 2702 xrrr.

184 2739 282 2805 Inter
301 2737 452 2804 Codices
477 2735 677 2805 Burneianus
702 2741 748 2807 N.
769 2739 846 2805 181.
870 2739 1006 2807 Horatii
1022 2743 1155 2826 Lyrioa.
1183 2741 1252 2806 De·

140 2843 303 2908 scribitur
324 2843 360 2907 in
383 2841 563 2928 Catalogo,
586 2852 623 2911 nt
642 2845 718 2912 cod.
742 2846 812 2911 Ma.
828 2846 1013 2912 membran.
1029 2847 1160 2931 paginis
1175 2843 1251 2910 190.

141 2951 176 3010 et
197 2954 235 3012 ut
256 2946 370 3012 collat.
386 2948 430 3013 ad
452 2948 617 3032 quasdam
642 2951 786 3033 paginas
809 2948 968 3014 editionis
988 2949 1131 3015 Ricardi
1147 2948 1251 3013 Bent-

141 3047 208 3129 leii,
227 3069 308 3135 queo
330 3047 576 3116 Amstelodami
599 3051 692 3117 edita
715 3057 766 3117 est
784 3051 882 3117 1713.
904 3052 1044 3118 illumin.
1062 3058 1096 3116 et
1112 3050 1251 3135 pulchre

140 3154 301 3237 scriptus.
348 3152 426 3219 Vita
441 3153 580 3219 Horatii
595 3174 656 3239 per
669 3154 810 3220 Petrum
833 3154 1000 3221 Crinitum
1021 3154 1253 3219 Florentinum

143 3255 342 3340 praeligitur,
358 3255 437 3323 Ital.
453 3258 601 3323 charact.
613 3256 702 3323 Saec.
717 3275 785 3322 xv.

187 3359 324 3426 Horatii
338 3360 406 3425 Ars
421 3359 578 3438 Politice,
592 3380 659 3425 una
673 3361 914 3445 cnm‘Epistol.
929 3361 1003 3424 Lib.
1021 3379 1045 3424 1.
1061 3369 1094 3426 ct
1110 3378 1149 3424 rr.
1187 3358 1253 3425 Co-

144 3461 214 3527 dex
234 3463 420 3529 membran.
444 3482 525 3529 saec.
548 3477 631 3525 xlv.
655 3482 732 3527 cum
754 3463 872 3527 multis
903 3464 1028 3547 glossis
1056 3464 1197 3529 interlin.
1220 3473 1254 3530 et

145 3568 234 3633 notis
251 3568 424 3651 marginal.

191 3670 329 3736 Horatii
345 3669 413 3736 Ars
429 3670 586 3752 Paetina,
602 3672 680 3737 cod.
695 3673 840 3738 chartac.
859 3673 932 3737 sine
951 3672 1052 3756 gloss.
1075 3680 1134 3738 aut
1154 3675 1253 3752 notis,

147 3773 308 3857 scriptus,
325 3778 360 3837 ut
372 3773 515 3852 videtur,
528 3776 564 3839 iu
580 3773 764 3859 Hispania.

190 3874 284 3939 Inter
300 3876 432 3942 codices
455 3878 667 3945 Burneianus
689 3886 768 3945 sunt
788 3890 934 3966 quatuor
952 3882 1010 3945 alii
1029 3882 1172 3948 diversae
1186 3884 1254 3947 ior·

149 3997 214 4042 mse
228 3986 263 4044 et
277 3980 491 4048 characteris

188 4079 306 4147 Codex
323 4079 503 4148 Lansuoua.
529 4085 576 4152 N.
590 4086 666 4152 836.
699 4087 833 4153 Horatii
850 4089 975 4172 Opera,
990 4088 1173 4153 membran.
1188 4090 1254 4153 ele·

149 4188 257 4266 gauter
281 4185 396 4269 script.
429 4186 553 4253 Italica
587 4210 699 4267 manu,
726 4197 761 4254 et
786 4192 924 4255 illumin.
956 4192 1029 4254 sine
1053 4193 1175 4274 glossis
1198 4196 1256 4253 aut

150 4289 426 4355 annotationibus
448 4291 707 4378 marginalibus:
738 4295 818 4359 olim
840 4294 905 4361 luit
929 4295 1085 4360 ltatthiae
1108 4292 1255 4369 Corvini,

215 4408 303 4473 nepa
314 4415 338 4461 a
355 4409 413 4460 Va.
425 4413 490 4463 cua.
674 4414 765 4466 riou.
1141 4414 1157 4457 ⁶
1174 4410 1191 4460 ⁸
