3025 4934
258 385 345 456 ΜΘ
578 407 772 459 nnosusus
807 410 1022 461 unrnrouuu

199 617 203 624 .
302 561 379 621 1765
400 559 526 620 Bentleii
542 562 742 624 v11.Loudiu.
759 563 864 625 81011.
879 568 910 626 8.

302 659 377 718 1767
398 677 426 719 0.
439 677 517 719 vers.
530 659 659 741 Anglica
672 663 795 724 metrica
808 673 839 724 et
851 663 989 744 prosaica
1002 663 1126 744 interpr.
1137 663 1277 744 notisque
1292 653 1347 745 per

258 755 294 816 C.
309 755 418 817 Smart.
433 755 560 817 Londin.
575 760 595 817 4
608 759 681 821 voll.
696 762 726 819 8.

297 887 339 898 -
359 853 395 912 ln
406 872 493 914 usum
508 854 647 935 Delphini
663 843 747 919 xm}
762 857 925 940 Desprezii.
941 858 1065 921 Dubliu.
1080 862 1112 934 8.

297 984 338 997 -
357 949 465 1012 Boudii
480 970 576 1014 xuni.
592 954 692 1016 Aurel.
706 966 769 1036 typ.
782 956 941 1017 Couretde
954 956 1118 1018 Villeneve.
1135 959 1182 1020 12.

301 1049 378 1108 1768
400 1048 500 1110 Clanis
514 1051 668 1130 politanum
681 1051 886 1128 classicorum,
900 1054 962 1118 sire
982 1055 1077 1116 Index
1091 1054 1241 1135 Philolog.
1252 1052 1347 1118 critic.

257 1146 287 1204 in
302 1142 471 1207 Horatium.
497 1146 571 1208 Pars
585 1147 668 1211 Prior
681 1159 712 1212 et
726 1148 886 1214 Posterior.
905 1153 1036 1216 Auctore
1049 1152 1173 1214 Gottlob
1192 1150 1347 1218 Benedict.

259 1242 413 1304 Schirach.
428 1243 524 1305 Halae.
542 1248 571 1306 8.
1135 1269 1138 1276 ’

282 1335 379 1401 rma
397 1341 637 1406 Chrestonrathia
646 1345 765 1425 poetica
784 1347 959 1422 Horatiana,
972 1369 1034 1412 cur.
1049 1351 1100 1412 Jo.
1111 1348 1205 1412 Mich.
1220 1346 1346 1410 Heiuze.

257 1436 337 1519 lips.
352 1441 382 1499 8.
766 1465 768 1468 ’

296 1568 338 1579 -
357 1534 434 1596 Odoe
459 1557 506 1600 vr.
533 1541 662 1614 selectae,
690 1560 766 1621 quas
794 1542 914 1617 fidibus,
934 1545 1090 1625 vocalique
1123 1545 1246 1606 musicae
1275 1551 1347 1624 post

256 1631 369 1697 soecula
381 1635 508 1695 restituit
522 1638 636 1717 loseph
658 1638 805 1700 Antonius
829 1640 995 1722 Pagauelli‚
1021 1642 1116 1705 Ducis
1129 1642 1293 1704 Bruuswic.
1316 1651 1349 1702 et

257 1729 370 1793 Luneb.
386 1730 513 1794 Musicae
528 1734 726 1817 compositor,
741 1737 842 1818 Opera
855 1751 972 1803 octava
994 1741 1053 1821 Ap.
1075 1740 1265 1820 Moutouley.
1278 1737 1345 1798 st

255 1827 309 1891 lul.
323 1829 400 1905 (Lib.
415 1850 456 1893 11.
471 1832 590 1893 0le.
615 1834 678 1893 Lib.
695 1855 719 1896 r.
732 1834 792 1896 od.
806 1840 857 1900 78.
871 1839 934 1899 Lib.
950 1859 989 1899 11.
1005 1838 1065 1906 Od.
1082 1843 1111 1902 3.
1131 1839 1196 1900 Lib.
1211 1835 1345 1909 nnod.

258 1921 309 1984 21.
335 1925 400 1988 nn.
415 1945 439 1988 1.
451 1926 511 1989 ou.
528 1914 576 1991 1'1.
603 1931 666 1994 utu.
679 1952 735 1994 111.
749 1933 811 1995 oa.
824 1937 870 2010 9.)
1009 1997 1011 2000 ,

299 2021 377 2083 1770
398 2025 508 2106 Opera,
531 2028 571 2087 ad
590 2027 679 2092 fidem
703 2051 827 2092 sxxvr.
852 2033 1010 2097 Codicum.
1030 2035 1198 2109 Accedunt,
1211 2035 1270 2112 (1.)
1285 2032 1347 2113 Sy·

218 2145 220 2149 ·
256 2120 358 2199 nopsis
370 2121 583 2204 chronologica
592 2146 689 2190 rerum
701 2130 903 2193 Romanarum
913 2132 1030 2194 vivente
1040 2131 1175 2196 Horatio.
1189 2134 1247 2211 (2.)
1258 2131 1349 2191 Trac-

255 2218 368 2279 tatulus
394 2219 431 2281 de
455 2223 556 2283 metris
571 2224 765 2288 Horatianis:
786 2232 844 2306 (8.)
857 2230 956 2291 Variae
973 2252 1096 2294 uxxvn
1115 2230 1265 2296 ‚Codicum
1283 2229 1347 2290 lec·

254 2314 371 2377 tiones:
391 2320 449 2397 (4.)
462 2319 618 2384 Phrasium
630 2322 794 2386 difficilium
811 2321 994 2393 enucleatior
1016 2335 1072 2409 (5.)
1084 2331 1213 2396 Lexicon
1224 2328 1349 2409 Mytho·

252 2412 395 2492 logioum,
410 2416 602 2495 Historicum,
611 2432 642 2483 et
657 2423 897 2507 Geographicum
910 2450 918 2489 z
931 2431 989 2507 (6.)
999 2430 1214 2492 Dictionarium
1225 2427 1348 2489 Latino·

255 2510 406 2573 Gallicum
429 2535 536 2579 vocum
560 2518 801 2599 Horatiauarum,
822 2546 893 2606 quae
913 2526 1055 2589 lectorem
1077 2529 1347 2612 morarispossuut.

231 2599 234 2605 ’
256 2609 388 2677 curante
403 2614 468 2676 Jos.
479 2616 594 2680 Valart.
610 2618 705 2688 Paris.
722 2625 752 2681 8.
786 2623 927 2685 Valartus
942 2626 1041 2687 Codd.
1055 2627 1094 2688 ad
1115 2645 1191 2706 quos
1204 2623 1347 2685 Horatius

254 2698 353 2765 adhuc
367 2710 529 2772 recensitus
543 2725 600 2785 est,
614 2720 780 2779 numeravit
792 2720 924 2798 quidem,
938 2724 992 2783 sed
1006 2723 1120 2785 nullum
1131 2725 1196 2805 ipse
1204 2722 1346 2812 inspexit.¹

253 2800 285 2860 Is
296 2802 388 2882 igitur
410 2806 558 2890 principes
582 2811 725 2874 editiones
752 2824 869 2878 tanturn
899 2821 1034 2896 contulit,
1062 2821 1214 2884 Sauadoni
1228 2831 1345 2882 textum

252 2897 338 2958 basia
354 2900 434 2975 lecit,
448 2905 549 2966 multis
573 2918 605 2968 et
626 2908 721 2985 illius,
744 2922 776 2975 et
800 2907 1000 2998 Cuningamii,
1014 2931 1046 2982 et
1067 2919 1203 2993 Bentleii,
1223 2920 1346 2999 suisque

254 2996 444 3076 conjecturis,
459 3001 612 3083 inquibus
626 3008 764 3087 quaedam
775 3014 836 3074 veri
850 3017 1013 3095 persimiles
1026 3017 1173 3092 videntur,
1184 3016 1347 3098 rescriptis,

252 3094 392 3174 quaedam
414 3097 503 3160 etiam
526 3101 615 3165 debet
629 3105 776 3183 Gomara,
799 3111 871 3174 lieet
890 3112 972 3176 baud
994 3135 1110 3198 semper
1128 3116 1261 3181 laudato.
1302 3115 1345 3174 At

253 3211 314 3253 non
337 3201 478 3259 accurate
498 3202 573 3263 satis
595 3212 741 3267 tractasse
761 3208 936 3291 interpretes
958 3215 1085 3295 optimos
1107 3216 1200 3276 fertur
1220 3213 1345 3276 innotis

253 3291 372 3365 criticis,
397 3315 465 3376 quae
490 3299 527 3359 cl.
557 3299 694 3364 Harlesio
717 3305 879 3368 admodum
899 3330 1005 3390 paucae
1030 3333 1087 3376 nec
1114 3314 1274 3376 fructuosae
1299 3309 1347 3369 di·

255 3400 373 3453 cuntur.
1192 3453 1199 3464 .
1298 3462 1302 3469 .

293 3522 334 3542 -.
354 3488 606 3572 Bisminglr'aruioe,
621 3499 701 3581 typis
713 3502 765 3565 Jo.
780 3504 973 3592 Baskerrille.
988 3507 1068 3569 Edit.
1086 3510 1175 3568 1762.
1188 3526 1303 3568 recusa.

293 3615 335 3628 —-
355 3585 504 3660 Carmina,
529 3592 690 3657 collatione
723 3600 899 3682 scriptorum
932 3604 1104 3670 Graecorum
1132 3605 1345 3672 illustrata-ab

255 3678 349 3743 Heur.
364 3681 527 3762 Wagnero.
543 3685 641 3751 Halae.
657 3694 685 3755 8.

294 3812 335 3824 -
356 3779 460 3859 Ejusd.
474 3781 688 3851 Additamento
701 3791 741 3855 ad
752 3794 791 3862 Q·
806 3796 845 3856 H.
861 3758 901 3857 F.
910 3797 1062 3875 Carmina,
1075 3763 1236 3864 collatione
1249 3799 1344 3879 scrip.-

254 3881 351 3934 torum
362 3875 536 3939 Graecorum
550 3880 708 3947 illustrata.
721 3888 820 3953 Helm.
838 3896 926 3954 1771.
940 3898 969 3957 8.

294 4006 335 4018 -
356 3973 428 4034 Chr.
443 3974 501 4035 Ad.
513 3975 621 4040 Klotzii
636 3981 792 4052 Lectiones
803 3988 975 4056 Venusinae.
991 3995 1115 4076 Lips.8.
1168 3959 1170 3962 Ι
1293 4047 1295 4056 .

264 4115 267 4121 ,
296 4101 335 4116 -
356 4070 597 4137 Chrestomatlria
625 4078 730 4146 Latina
764 4087 882 4164 poitica
915 4091 1112 4155 animadvers.
1146 4092 1295 4163 illustrata
1322 4110 1342 4151 a

254 4166 389 4247 Theoph.
405 4169 579 4253 Christopb.
595 4176 714 4240 Harles.
729 4181 774 4242 Ex
789 4185 867 4247 offic.
883 4187 1082 4251 Richteriauu.
1097 4191 1220 4258 Altenb.
1235 4194 1267 4252 8.
1290 4251 1292 4254 .
1332 4253 1334 4258 .

298 4266 372 4324 1771
396 4266 431 4326 ln
446 4286 532 4329 usum
547 4271 687 4354 Delphini
703 4287 773 4343 xrv.
788 4282 950 4378 Desprezli.
966 4287 1104 4369 Neapoli.
1119 4294 1137 4351 7
1152 4289 1221 4352 voll.
1240 4292 1260 4349 4
1275 4287 1344 4366 maj.
