3025 4934
547 382 581 442 o.
605 378 768 431 nonsart
796 380 943 429 nascor.
1210 365 1295 435 1941

243 535 322 597 1494
344 533 491 616 impensis
505 533 744 599 Bermllssinm.
760 530 868 597 Venet.
883 533 937 597 sol.
949 534 1025 616 Rep.
1040 534 1090 598 ed.
1107 536 1196 597 1499.

238 666 281 678 .-
300 635 358 694 Ars
372 634 508 714 poiitica:
530 652 599 697 cnm
613 634 692 695 notis
704 635 811 696 Franc.
826 633 1006 695 Petrarchoe.
1023 634 1056 694 S.
1071 634 1093 698 l.
1106 637 1137 695 4.

241 731 321 793 1496
340 751 411 793 cum
423 752 531 801 comm.
545 736 615 795 Act.
629 733 742 815 Porph.
757 732 853 794 Laud.
865 732 966 795 Manu.
989 742 1021 794 et
1046 732 1119 813 figg.
1133 751 1227 812 nuper
1241 731 1295 792 ad-

198 827 278 891 ditis.
311 829 444 901 Venetiis
459 832 595 913 impress.
611 852 663 913 per
675 832 837 893 Dominum
860 831 994 892 Pincium
1006 832 1295 893 Mantuanumanno

92 964 96 967 ·
199 946 340 991 nccccv.
366 930 423 1008 (sic
444 930 588 992 mendose
613 930 811 1011 exscriptum)
830 929 879 992 die
903 948 937 992 v.
966 929 1129 992 Februarii.
1154 928 1294 1010 Reped.

199 1028 289 1090 1492.
303 1027 385 1091 unde
403 1028 451 1089 hic
465 1036 562 1091 annus
577 1039 608 1090 et
631 1029 662 1088 in
677 1027 866 1090 dedicatione
887 1040 918 1090 et
932 1028 962 1088 in
976 1030 1035 1090 fine
1055 1048 1162 1089 comm.
1177 1026 1217 1089 ad
1230 1040 1296 1089 cst·

198 1144 268 1187 men
284 1145 357 1190 saec.
373 1128 528 1209 appositus
540 1127 662 1209 legitur.

237 1257 279 1283 η-
297 1246 367 1289 cum
392 1225 499 1287 iisdem
511 1275 514 1283 ,
526 1225 736 1289 comm.‚-Die
752 1247 823 1289 ιιι.
837 1228 921 1288 Febr.
944 1225 993 1287 Ad
1007 1227 1120 1288 calcem
1143 1224 1234 1287 fontis
1248 1223 1295 1285 in·

197 1321 291 1404 signe,
303 1343 373 1385 cum
387 1324 480 1386 literis
496 1325 533 1386 B.
548 1326 582 1386 F.
596 1324 628 1386 b.
642 1346 672 1391 e.
693 1324 851 1389 Benedicti
866 1325 1013 1387 Fontaua.
1028 1326 1134 1385 Venet.
1146 1321 1197 1384 lul.

240 1422 316 1483 1497
339 1442 407 1485 cum
421 1422 528 1485 iisdem
541 1443 651 1485 comm.
667 1423 776 1486 Veuet.
792 1424 845 1487 tol.

235 1552 278 1564 --
298 1519 367 1582 Nic.
380 1521 493 1583 Perotti
508 1522 626 1604 Sipont.
641 1522 744 1603 Episc.
768 1522 807 1584 de
832 1523 990 1604 &neribus
1013 1530 1182 1593 metrorum,
1197 1537 1233 1580 ac
1256 1517 1295 1581 de

195 1615 313 1679 Horatii
325 1629 357 1680 et
379 1620 513 1682 Severini
537 1620 655 1684 Boiithii
676 1620 780 1683 metris
805 1641 897 1703 opus:
919 1640 972 1703 per
993 1622 1041 1681 1ο.
1064 1618 1229 1681 Tacuinum
1255 1615 1295 1678 de

193 1714 326 1779 Tridino.
362 1716 470 1781 Venet.
486 1721 516 1780 4.
548 1720 682 1783 Plurima
702 1739 741 1781 cx
763 1717 862 1780 Codd.
889 1718 1019 1799 antiquis
1045 1715 1162 1777 Horatii
1189 1714 1297 1777 sumsit

196 1812 335 1877 Perottus
363 1826 396 1878 et
417 1827 524 1898 postea
537 1818 645 1891 Aldus,
660 1838 729 1898 quae
750 1837 842 1899 prope
856 1816 961 1879 eadem
976 1814 1087 1898 reperit
1100 1813 1249 1893 Cruquius
1264 1812 1295 1873 in

191 1909 294 1975 codd.
308 1913 492 1985 Blandiuiist
514 1916 574 1979 vid.
585 1917 665 1978 Jani.

238 2014 316 2073 1498
339 2013 455 2076 Horatii
471 2016 571 2079 Flacci
585 2016 741 2088 Venusini,
755 2017 856 2097 poitoe
870 2014 957 2089 lirici,
978 2031 1069 2096 opera
1082 2030 1151 2073 cum
1172 2008 1296 2092 quibus·

192 2107 264 2171 dem
277 2113 521 2177 annotationibus
536 2116 776 2196 imaginibusque
790 2113 997 2196 pulcherrimis
1008 2111 1149 2194 aptisque
1160 2108 1200 2171 ad
1214 2106 1296 2168 Oda-

193 2228 266 2279 rum,
284 2210 451 2274 concentus
468 2224 499 2276 et
523 2214 706 2276 sententias:
728 2234 782 2296 per
802 2213 951 2276 iacobum
976 2210 1091 2273 Locher
1103 2210 1185 2290 polit.
1199 2206 1298 2267 laure-

193 2319 277 2368 atum
290 2312 334 2388 (et
352 2310 434 2375 Prol.
456 2315 488 2373 iu
512 2312 609 2374 Acad.
632 2313 848 2393 Friburgensi).
873 2314 906 2371 ln
922 2312 997 2372 fine:
1020 2309 1215 2371 Elaboratum
1242 2304 1298 2364 im·

193 2425 390 2486 pressumque
403 2409 547 2490 hocopus
558 2411 587 2470 in
603 2411 713 2471 celebri
727 2410 928 2490 imperialique
942 2408 1015 2468 urbe
1026 2405 1193 2486 Argentina
1206 2421 1298 2484 opera

195 2512 227 2563 et
238 2502 380 2584 impensis
396 2506 511 2568 sedulis
524 2526 643 2588 quoque
666 2506 819 2567 laboribus
835 2505 950 2589 providi
963 2504 1027 2567 Viri
1040 2502 1189 2565 Johannis
1202 2500 1296 2561 Rein-

194 2599 279 2663 hardi
293 2616 495 2684 cognomento
520 2605 691 2689 Gruninger
713 2606 786 2667 civis
808 2604 941 2686 ejusdem
957 2602 1044 2665 Urbis
1062 2598 1294 2690 ‘Argentiuensis

192 2700 298 2779 quinto
307 2703 379 2765 Idus
389 2705 504 2777 Martii,
516 2705 685 2766 absolutum
698 2702 772 2766 'vero
784 2724 833 2765 an.
847 2703 968 2764 Domini
983 2716 1218 2763 mccccxcvrrr.
1228 2697 1294 2759 Ful.

193 2799 284 2861 —Cf.
307 2803 493 2864 Incunabula
507 2803 579 2865 artis
595 2812 659 2886 typ.
675 2805 705 2865 in
719 2803 789 2864 Cat.
802 2802 875 2865 bibl.
890 2800 1067 2864 Uffenbach.
1083 2799 1119 2860 T.
1136 2818 1176 2858 ιι.
1189 2797 1293 2856 histor.

192 2917 461 2983 n.cr.xxr111.p.
478 2903 530 2964 66.
572 2891 713 2985 Princeps
729 2912 830 2965 autern
840 2909 888 2963 est
897 2901 963 2962 baec
976 2900 1068 2961 editio
1078 2898 1107 2958 in
1122 2894 1295 2968 Germania,

191 3014 287 3076 eaque
312 3018 372 3060 non
395 3020 436 3062 ex
458 3000 569 3064 Italicis
597 3001 754 3082 exemplis,
766 3000 820 3062 sed
836 3020 873 3061 ex
887 2999 988 3061 Codd.
1010 2998 1041 3058 in
1069 2993 1230 3057 Germania
1248 3012 1294 3053 re·

191 3095 283 3175 pertis
297 3096 391 3177 iisque
404 3098 492 3159 bonis
506 3100 633 3160 maxime
656 3099 747 3160 ducta
771 3112 912 3167 censetur
927 3094 1073 3170 Bentleio,
1089 3093 1139 3174 qui
1165 3092 1195 3152 in
1210 3090 1295 3173 praes.

191 3192 307 3254 Horatii
320 3195 366 3255 sui
380 3206 531 3257 auctorem
545 3198 608 3278 ejus
631 3197 823 3277 indiligenter
839 3207 927 3256 uocat
942 3193 1135 3256 Loscberum.
1177 3190 1212 3249 In
1226 3187 1294 3269 plu·

191 3291 271 3353 nmis
286 3304 385 3353 tamen
400 3314 466 3355 eam
481 3297 637 3357 concinere
652 3296 726 3357 vidit
740 3296 812 3356 Chr.
830 3295 907 3355 Dav.
920 3293 991 3354 Jani
1003 3311 1070 3353 curn
1088 3287 1160 3350 edit.
1176 3286 1294 3346 Manui·

190 3388 263 3450 nelli
274 3410 323 3451 an.
339 3394 427 3452 1499.
450 3394 645 3474 Argumenta,
660 3393 786 3466 scholia,
796 3404 827 3452 et
842 3391 960 3470 glossas
975 3386 1179 3448 interlineares
1194 3383 1296 3455 habet,

190 3486 299 3548 ductas
315 3489 377 3550 lere
389 3509 426 3550 ex
442 3492 572 3570 antiquis
596 3489 892 3551 commentatoribus.
936 3487 1052 3557 leones,
1073 3482 1155 3563 liguo
1179 3480 1294 3554 incise.

190 3586 281 3646 rudes
294 3598 324 3648 et
338 3605 423 3669 soepe
432 3588 471 3649 ad
488 3590 576 3650 risum
588 3588 740 3671 simplices
757 3599 839 3662 sunt,
853 3587 897 3648 uti
911 3586 973 3663 illae
985 3587 1015 3654 in
1024 3582 1153 3649 Terentii
1163 3579 1294 3645 editione

191 3682 442 3767 Gruningeriana.
486 3687 576 3749 Extat
590 3688 657 3750 baec
670 3688 761 3749 editio
784 3688 813 3748 in
832 3686 909 3749 bibl.
924 3681 1152 3765 Archipalatina
1166 3677 1293 3738 Manhe-

184 3782 251 3856 mii,
265 3795 298 3844 et
311 3785 449 3849 Francos.
465 3807 501 3848 ac
515 3797 695 3849 memoratur
709 3787 740 3847 in
762 3785 880 3866 Engelii
899 3785 971 3847 bibl.
1001 3782 1104 3845 select.
1120 3798 1151 3858 p.
1168 3779 1219 3841 77.
1233 3780 1290 3837 &a

192 3880 252 3942 Alii
266 3883 364 3946 minus
380 3896 483 3948 curate
496 3886 576 3948 hanc
591 3887 639 3950 ed.
652 3887 784 3948 referunt
798 3886 837 3946 ad
853 3906 902 3946 an.
918 3887 1009 3947 1497.
1024 3904 1049 3946 s.
1067 3883 1157 3944 1499.

230 4006 274 4029 *-
292 4000 361 4044 oum
383 3982 493 4046 comm.
518 3987 586 4047 Aer.
611 3985 760 4067 Porphyr.
786 3984 883 4046 Laud.
909 3983 1043 4044 Manain.
1068 4002 1120 4063 per
1143 3980 1292 4040 Joannem

184 4078 398 4162 ‹Aluysiumde
408 4083 540 4144 ,Varisiot
557 4083 780 4146 Mediolanens.
796 4082 829 4143 d.
845 4102 952 4143 xvsti.
966 4082 1031 4142 Jul.
1046 4082 1154 4141 Venet.
1168 4077 1220 4139 fol.

231 4212 273 4225 -
293 4181 395 4261 Opera
407 4201 476 4242 cum
491 4183 687 4245 commcbr.
703 4181 841 4242 bandini.
854 4182 979 4260 Argent.
994 4179 1046 4239 iol.

230 4310 273 4325 ··-
292 4296 346 4357 per
360 4278 472 4360 Georg.
484 4280 677 4343 Arrivabene.
692 4281 803 4342 Venet.
825 4278 878 4340 iol.
893 4258 968 4340 forts
983 4298 1046 4360 rep.
1060 4276 1109 4338 ed.
1128 4275 1217 4334 1490.
1293 4283 1295 4287 ·

232 4410 274 4423 -
295 4376 453 4440 Poitarum
477 4378 678 4442 institutiones
704 4380 742 4441 ad
768 4376 894 4439 Pisones
918 4385 948 4436 et
967 4376 1045 4456 Epp.
1070 4373 1144 4433 liber
1159 4391 1183 4431 1.
1206 4378 1237 4430 et
1249 4388 1289 4431 11.
